
   <!--Record: 115-->
   <record>
      <leader>04612nab a2200685 u 4500</leader>
      <controlfield tag="001">9916039385407426</controlfield>
      <controlfield tag="005">20221120114239.0</controlfield>
      <controlfield tag="008">191105e20191018xx |||||o|||||||||||eng||</controlfield>
      <datafield tag="016" ind1="7" ind2=" ">
         <subfield code="a">IND606741447</subfield>
         <subfield code="2">DNAL</subfield>
      </datafield>
      <datafield tag="024" ind1="7" ind2=" ">
         <subfield code="a">10.1016/j.jaridenv.2019.104044</subfield>
         <subfield code="2">doi</subfield>
      </datafield>
      <datafield tag="035" ind1=" " ind2=" ">
         <subfield code="a">agid:6741447-01nal_inst</subfield>
      </datafield>
      <datafield tag="040" ind1=" " ind2=" ">
         <subfield code="a">AGL</subfield>
         <subfield code="b">eng</subfield>
         <subfield code="c">AGL</subfield>
      </datafield>
      <datafield tag="100" ind1="1" ind2=" ">
         <subfield code="a">Fujihara, Yoichi</subfield>
         <subfield code="e">author</subfield>
         <subfield code="u">Faculty of Bioresources and Environmental Sciences, Ishikawa Prefectural
        University, Suematsu 1-308, Nonoichi, Ishikawa, 921-8836, Japan</subfield>
         <subfield code="1">https://orcid.org/0000-0001-5129-5548 https://orcid.org/0000-0001-5129-5548
        https://orcid.org/0000-0001-5129-5548 https://orcid.org/0000-0001-5129-5548
        https://orcid.org/0000-0001-5129-5548</subfield>
      </datafield>
      <datafield tag="245" ind1="1" ind2="0">
         <subfield code="a">Analysis of cropping patterns in Sudan's Gash Spate Irrigation System using
        Landsat 8 images</subfield>
      </datafield>
      <datafield tag="500" ind1=" " ind2=" ">
         <subfield code="a">Pre-press version</subfield>
      </datafield>
      <datafield tag="520" ind1=" " ind2=" ">
         <subfield code="a">Spate irrigation has been conducted in eastern Sudan's Gash Delta; however,
        availability of data necessary to understand actual conditions is limited. Therefore, we
        identified annual land cover types (irrigated crop land, non-crop land, and shrub land) in
        the Gash spate irrigation system using images obtained from Landsat 8. Further, we analyzed
        spatial cropping patterns and crop-fallow rotation characteristics for six irrigation blocks
        (Kassala, Mekali, Degain, Tendelai, Metateib, and Hadaliya) based on land-cover
        classification. To classify land cover types, we compared three vegetation indices,
        including the normalized difference vegetation index (NDVI), and examined six water-related
        indices, including the normalized difference water index (NDWI). Comparing the accuracy of
        these indices shows that NDVI and NDWIGS1 calculated from green and short-wave infrared
        performs best for land cover classification. We identified irrigated areas with a decision
        tree model using NDVI and NDWIGS1 time series data. The results showed that irrigated areas
        vary annually and are determined by available water resources from the Gash River. We found
        that the coefficient of variation of the irrigated areas is lower in the upper irrigation
        blocks (Kassala and Mekali) and higher in the lower irrigation blocks. We investigated
        crop-fallow rotation patterns and show that a two-year rotation pattern, in which irrigation
        and fallowing are conducted alternately, is dominant in the two upper irrigation blocks
        (Kassala and Mekali), while a three-year rotation pattern in which land lies fallow for two
        years is the main type adopted in the two lower irrigation blocks (Metateib and
        Hadaliya).</subfield>
      </datafield>
      <datafield tag="592" ind1=" " ind2=" ">
         <subfield code="a">Publisher supplied data</subfield>
      </datafield>
      <datafield tag="593" ind1=" " ind2=" ">
         <subfield code="a">PubAg article</subfield>
      </datafield>
      <datafield tag="650" ind1=" " ind2="3">
         <subfield code="a">Landsat</subfield>
      </datafield>
      <datafield tag="650" ind1=" " ind2="3">
         <subfield code="a">crop rotation</subfield>
      </datafield>
      <datafield tag="650" ind1=" " ind2="3">
         <subfield code="a">cropland</subfield>
      </datafield>
      <datafield tag="650" ind1=" " ind2="3">
         <subfield code="a">decision support systems</subfield>
      </datafield>
      <datafield tag="650" ind1=" " ind2="3">
         <subfield code="a">fallow</subfield>
      </datafield>
      <datafield tag="650" ind1=" " ind2="3">
         <subfield code="a">irrigated farming</subfield>
      </datafield>
      <datafield tag="650" ind1=" " ind2="3">
         <subfield code="a">irrigation systems</subfield>
      </datafield>
      <datafield tag="650" ind1=" " ind2="3">
         <subfield code="a">land cover</subfield>
      </datafield>
      <datafield tag="650" ind1=" " ind2="3">
         <subfield code="a">models</subfield>
      </datafield>
      <datafield tag="650" ind1=" " ind2="3">
         <subfield code="a">normalized difference vegetation index</subfield>
      </datafield>
      <datafield tag="650" ind1=" " ind2="3">
         <subfield code="a">rivers</subfield>
      </datafield>
      <datafield tag="650" ind1=" " ind2="3">
         <subfield code="a">shrublands</subfield>
      </datafield>
      <datafield tag="650" ind1=" " ind2="3">
         <subfield code="a">time series analysis</subfield>
      </datafield>
      <datafield tag="651" ind1=" " ind2="3">
         <subfield code="a">Sudan</subfield>
      </datafield>
      <datafield tag="653" ind1=" " ind2="0">
         <subfield code="a">Spate irrigation</subfield>
      </datafield>
      <datafield tag="653" ind1=" " ind2="0">
         <subfield code="a">Remote sensing</subfield>
      </datafield>
      <datafield tag="653" ind1=" " ind2="0">
         <subfield code="a">Landsat 8</subfield>
      </datafield>
      <datafield tag="653" ind1=" " ind2="0">
         <subfield code="a">Gash delta</subfield>
      </datafield>
      <datafield tag="700" ind1="1" ind2=" ">
         <subfield code="a">Tanakamaru, Haruya</subfield>
         <subfield code="e">author</subfield>
         <subfield code="u">Graduate School of Agricultural Science, Kobe University, Rokkodai 1-1,
        Nada, Kobe, 657-8501, Japan</subfield>
      </datafield>
      <datafield tag="700" ind1="1" ind2=" ">
         <subfield code="a">Tada, Akio</subfield>
         <subfield code="e">author</subfield>
         <subfield code="u">Graduate School of Agricultural Science, Kobe University, Rokkodai 1-1,
        Nada, Kobe, 657-8501, Japan</subfield>
      </datafield>
      <datafield tag="700" ind1="1" ind2=" ">
         <subfield code="a">Ahmed Adam, Bashir M.</subfield>
         <subfield code="e">author</subfield>
         <subfield code="u">Agricultural Research Corporation, Sudan, Wad Medani, P.O. Box 126,
        Sudan</subfield>
      </datafield>
      <datafield tag="700" ind1="1" ind2=" ">
         <subfield code="a">Eltaib Elamin, Khalid A.</subfield>
         <subfield code="e">author</subfield>
         <subfield code="u">Agricultural Research Corporation, Sudan, Wad Medani, P.O. Box 126,
        Sudan</subfield>
      </datafield>
      <datafield tag="773" ind1="0" ind2=" ">
         <subfield code="t">Journal of arid environments.</subfield>
         <subfield code="g">2019 Oct. 18, </subfield>
         <subfield code="d">Elsevier Ltd</subfield>
         <subfield code="w">Journal:jnl11719</subfield>
         <subfield code="x">0140-1963</subfield>
         <subfield code="7">nnas</subfield>
      </datafield>
      <datafield tag="787" ind1="1" ind2=" ">
         <subfield code="o">islandora_article_repository</subfield>
      </datafield>
      <datafield tag="787" ind1="1" ind2=" ">
         <subfield code="o">product_pubag</subfield>
      </datafield>
      <datafield tag="787" ind1="1" ind2=" ">
         <subfield code="o">(Journal)jnl11719</subfield>
      </datafield>
      <datafield tag="856" ind1="4" ind2="0">
         <subfield code="u">https://dx.doi.org/10.1016/j.jaridenv.2019.104044</subfield>
         <subfield code="3">Available from publisher's site</subfield>
      </datafield>
      <datafield tag="912" ind1=" " ind2=" ">
         <subfield code="a">Article</subfield>
      </datafield>
      <datafield tag="914" ind1=" " ind2=" ">
         <subfield code="a">Journal:jnl11719</subfield>
         <subfield code="b">0140-1963</subfield>
      </datafield>
      <datafield tag="914" ind1=" " ind2=" ">
         <subfield code="f">Journal of arid environments</subfield>
      </datafield>
      <datafield tag="916" ind1=" " ind2=" ">
         <subfield code="a">Batch:2472</subfield>
      </datafield>
      <datafield tag="917" ind1=" " ind2=" ">
         <subfield code="a">issued</subfield>
      </datafield>
      <datafield tag="918" ind1="2" ind2=" ">
         <subfield code="a">Elsevier Consyn</subfield>
         <subfield code="e">provider</subfield>
         <subfield code="5">DNAL</subfield>
      </datafield>
      <datafield tag="935" ind1=" " ind2=" ">
         <subfield code="a">IND606741447</subfield>
         <subfield code="9">ExL</subfield>
      </datafield>
      <datafield tag="949" ind1=" " ind2=" ">
         <subfield code="a">2020-06-02</subfield>
      </datafield>
      <datafield tag="953" ind1=" " ind2=" ">
         <subfield code="a">/data/metadata/incoming/consyn/104748019499252312-00001-HEAD-ONLY-REVISEDSUBJECTLIST.zip</subfield>
      </datafield>
      <datafield tag="954" ind1=" " ind2=" ">
         <subfield code="a">file:/data/metadata/staging/consyn/S0140196318304233.xml</subfield>
      </datafield>
      <datafield tag="955" ind1=" " ind2=" ">
         <subfield code="a">/data/metadata/staging/consyn/</subfield>
      </datafield>
      <datafield tag="962" ind1=" " ind2=" ">
         <subfield code="a">Batch:2472 reviewed on 2020-06-02T08:57:35Z</subfield>
      </datafield>
      <datafield tag="974" ind1=" " ind2=" ">
         <subfield code="a">agid:6741447</subfield>
      </datafield>
      <datafield tag="983" ind1=" " ind2=" ">
         <subfield code="a">2019-11-05</subfield>
      </datafield>
      <datafield tag="984" ind1=" " ind2=" ">
         <subfield code="a">2020-06-02</subfield>
      </datafield>
   </record>