
   <!--Record: 121-->
   <record>
      <leader>04766nab a2200697 u 4500</leader>
      <controlfield tag="001">9916040830307426</controlfield>
      <controlfield tag="005">20221121095010.0</controlfield>
      <controlfield tag="008">191018e20161230xx |||||o|||||||||||eng||</controlfield>
      <datafield tag="016" ind1="7" ind2=" ">
         <subfield code="a">IND606735934</subfield>
         <subfield code="2">DNAL</subfield>
      </datafield>
      <datafield tag="024" ind1="7" ind2=" ">
         <subfield code="a">10.1093/jpe/rtw117</subfield>
         <subfield code="2">doi</subfield>
      </datafield>
      <datafield tag="035" ind1=" " ind2=" ">
         <subfield code="a">agid:6735934-01nal_inst</subfield>
      </datafield>
      <datafield tag="040" ind1=" " ind2=" ">
         <subfield code="a">AGL</subfield>
         <subfield code="b">eng</subfield>
         <subfield code="c">AGL</subfield>
      </datafield>
      <datafield tag="100" ind1="1" ind2=" ">
         <subfield code="a">Gallego Zamorano, Juan</subfield>
         <subfield code="e">author</subfield>
         <subfield code="u"> The Helsinki Lab of Ornithology, Finnish Museum of Natural History,
        Helsinki University, Helsinki, Finland</subfield>
      </datafield>
      <datafield tag="245" ind1="1" ind2="0">
         <subfield code="a">Climate-driven synchrony in seed production of masting deciduous and
        conifer tree species</subfield>
      </datafield>
      <datafield tag="300" ind1=" " ind2=" ">
         <subfield code="a">p. 180-188.</subfield>
      </datafield>
      <datafield tag="520" ind1=" " ind2=" ">
         <subfield code="a">Understanding fluctuations in plant reproductive investment can constitute
        a key challenge in ecology, conservation and management. Masting events of trees (i.e. the
        intermittent and synchronous production of abundant seeding material) is an extreme example
        of such fluctuations. Our objective was to establish the degree of spatial and temporal
        synchrony in common four masting tree species in boreal Finland and account for potential
        causal drivers of these patterns. We investigated the spatial intraspecific and temporal
        interspecific fluctuations in annual seed production of four tree species in Finland, silver
        birch Betula pendula Roth, downy birch Betula pubescens Ehrh., Norway spruce Picea abies
        (L.) H.Karst. and rowanberry Sorbus aucuparia L. We also tested to see whether variations in
        seed production were linked to annual weather conditions. Seeding abundance data were
        derived from tens of stands per species across large spatial scales within Finland during
        1979 to 2014 (for rowanberries only 1986 to 2014). All species showed spatial synchrony in
        seed production at scales up to 1000 km. Annual estimates of seed production were strongly
        correlated between species. Spring and summer temperatures explained most variation in crop
        sizes of tree species with 0-to 2-year time lags, whereas rainfall had relatively little
        influence. Warm weather during flowering (May temperature) in the flowering year (Year t)
        and 2 years before (t−2) were correlated with seed production. However, high May
        temperatures during the previous year (t−1) adversely affected seed production. Summer
        temperatures in Year t−1 was positively correlated with seed production, likely because this
        parameter enhances the development of flower primordials, but the effect was negative with a
        time lag of 2 years. The negative feedback in temperature coefficients is also likely due to
        patterns of resource allocation, as abundant flowering and seed production in these species
        is thought to reduce the subsequent initiation of potential new flower buds. Since the most
        important weather variables also showed spatial correlation up to 1000 km, weather
        parameters likely explain much of the spatial and temporal synchrony in seed production of
        these four studied tree species.</subfield>
      </datafield>
      <datafield tag="592" ind1=" " ind2=" ">
         <subfield code="a">Publisher supplied data</subfield>
      </datafield>
      <datafield tag="593" ind1=" " ind2=" ">
         <subfield code="a">PubAg article</subfield>
      </datafield>
      <datafield tag="596" ind1=" " ind2=" ">
         <subfield code="a">275606</subfield>
         <subfield code="c">Academy of Finland</subfield>
         <subfield code="d">https://doi.org/10.13039/501100002341</subfield>
      </datafield>
      <datafield tag="650" ind1=" " ind2="3">
         <subfield code="a">Betula pendula</subfield>
      </datafield>
      <datafield tag="650" ind1=" " ind2="3">
         <subfield code="a">Betula pubescens</subfield>
      </datafield>
      <datafield tag="650" ind1=" " ind2="3">
         <subfield code="a">Picea abies</subfield>
      </datafield>
      <datafield tag="650" ind1=" " ind2="3">
         <subfield code="a">Sorbus aucuparia</subfield>
      </datafield>
      <datafield tag="650" ind1=" " ind2="3">
         <subfield code="a">conifers</subfield>
      </datafield>
      <datafield tag="650" ind1=" " ind2="3">
         <subfield code="a">ecology</subfield>
      </datafield>
      <datafield tag="650" ind1=" " ind2="3">
         <subfield code="a">flower buds</subfield>
      </datafield>
      <datafield tag="650" ind1=" " ind2="3">
         <subfield code="a">flowering</subfield>
      </datafield>
      <datafield tag="650" ind1=" " ind2="3">
         <subfield code="a">flowers</subfield>
      </datafield>
      <datafield tag="650" ind1=" " ind2="3">
         <subfield code="a">masting</subfield>
      </datafield>
      <datafield tag="650" ind1=" " ind2="3">
         <subfield code="a">rain</subfield>
      </datafield>
      <datafield tag="650" ind1=" " ind2="3">
         <subfield code="a">resource allocation</subfield>
      </datafield>
      <datafield tag="650" ind1=" " ind2="3">
         <subfield code="a">sowing</subfield>
      </datafield>
      <datafield tag="650" ind1=" " ind2="3">
         <subfield code="a">summer</subfield>
      </datafield>
      <datafield tag="650" ind1=" " ind2="3">
         <subfield code="a">temperature</subfield>
      </datafield>
      <datafield tag="650" ind1=" " ind2="3">
         <subfield code="a">trees</subfield>
      </datafield>
      <datafield tag="651" ind1=" " ind2="3">
         <subfield code="a">Finland</subfield>
      </datafield>
      <datafield tag="653" ind1=" " ind2="0">
         <subfield code="a">climate change</subfield>
      </datafield>
      <datafield tag="653" ind1=" " ind2="0">
         <subfield code="a">forest</subfield>
      </datafield>
      <datafield tag="653" ind1=" " ind2="0">
         <subfield code="a">spatio-temporal synchrony</subfield>
      </datafield>
      <datafield tag="700" ind1="1" ind2=" ">
         <subfield code="a">Hokkanen, Tatu</subfield>
         <subfield code="e">author</subfield>
         <subfield code="u"> Natural Resources Institute Finland, Vantaa, Finland</subfield>
      </datafield>
      <datafield tag="700" ind1="1" ind2=" ">
         <subfield code="a">Lehikoinen, Aleksi</subfield>
         <subfield code="e">author</subfield>
         <subfield code="u"> The Helsinki Lab of Ornithology, Finnish Museum of Natural History,
        Helsinki University, Helsinki, Finland</subfield>
      </datafield>
      <datafield tag="773" ind1="0" ind2=" ">
         <subfield code="t">Journal of plant ecology.</subfield>
         <subfield code="g">2016 Dec. 30, v. 11, no. 2 p.180-188</subfield>
         <subfield code="d">Oxford University Press</subfield>
         <subfield code="w">Journal:J000000111</subfield>
         <subfield code="x">1752-993X</subfield>
         <subfield code="7">nnas</subfield>
      </datafield>
      <datafield tag="787" ind1="1" ind2=" ">
         <subfield code="o">islandora_article_repository</subfield>
      </datafield>
      <datafield tag="787" ind1="1" ind2=" ">
         <subfield code="o">product_pubag</subfield>
      </datafield>
      <datafield tag="787" ind1="1" ind2=" ">
         <subfield code="o">(Journal)J000000111</subfield>
      </datafield>
      <datafield tag="856" ind1="4" ind2="0">
         <subfield code="u">http://dx.doi.org/10.1093/jpe/rtw117</subfield>
         <subfield code="3">Available from publisher's site</subfield>
      </datafield>
      <datafield tag="912" ind1=" " ind2=" ">
         <subfield code="a">Article</subfield>
      </datafield>
      <datafield tag="914" ind1=" " ind2=" ">
         <subfield code="a">Journal:J000000111</subfield>
         <subfield code="b">1752-993X</subfield>
         <subfield code="c">11</subfield>
         <subfield code="d">2</subfield>
         <subfield code="e">180</subfield>
      </datafield>
      <datafield tag="914" ind1=" " ind2=" ">
         <subfield code="f">Journal of plant ecology</subfield>
      </datafield>
      <datafield tag="916" ind1=" " ind2=" ">
         <subfield code="a">Batch:2523</subfield>
      </datafield>
      <datafield tag="917" ind1=" " ind2=" ">
         <subfield code="a">issued</subfield>
      </datafield>
      <datafield tag="918" ind1="2" ind2=" ">
         <subfield code="a">Oxford University Press</subfield>
         <subfield code="e">provider</subfield>
         <subfield code="5">DNAL</subfield>
      </datafield>
      <datafield tag="935" ind1=" " ind2=" ">
         <subfield code="a">IND606735934</subfield>
         <subfield code="9">ExL</subfield>
      </datafield>
      <datafield tag="949" ind1=" " ind2=" ">
         <subfield code="a">2020-07-21</subfield>
      </datafield>
      <datafield tag="953" ind1=" " ind2=" ">
         <subfield code="a">/data/metadata/incoming/oxford/jpe11_2xml.zip</subfield>
      </datafield>
      <datafield tag="954" ind1=" " ind2=" ">
         <subfield code="a">file:/data/metadata/staging/oxford/rtw117.xml</subfield>
      </datafield>
      <datafield tag="955" ind1=" " ind2=" ">
         <subfield code="a">/data/metadata/staging/oxford/</subfield>
      </datafield>
      <datafield tag="962" ind1=" " ind2=" ">
         <subfield code="a">Batch:2523 reviewed on 2020-07-21T04:00:04Z</subfield>
      </datafield>
      <datafield tag="974" ind1=" " ind2=" ">
         <subfield code="a">agid:6735934</subfield>
      </datafield>
      <datafield tag="983" ind1=" " ind2=" ">
         <subfield code="a">2019-10-18</subfield>
      </datafield>
      <datafield tag="984" ind1=" " ind2=" ">
         <subfield code="a">2020-07-21</subfield>
      </datafield>
   </record>