
   <!--Record: 129-->
   <record>
      <leader>04121nab a2200673 u 4500</leader>
      <controlfield tag="001">9916043757707426</controlfield>
      <controlfield tag="005">20221117184008.0</controlfield>
      <controlfield tag="008">150923e20151015xx |||||o|||||||||||eng||</controlfield>
      <datafield tag="016" ind1="7" ind2=" ">
         <subfield code="a">IND604089011</subfield>
         <subfield code="2">DNAL</subfield>
      </datafield>
      <datafield tag="024" ind1="7" ind2=" ">
         <subfield code="a">10.1002/hyp.10593</subfield>
         <subfield code="2">doi</subfield>
      </datafield>
      <datafield tag="035" ind1=" " ind2=" ">
         <subfield code="a">agid:4089011-01nal_inst</subfield>
      </datafield>
      <datafield tag="040" ind1=" " ind2=" ">
         <subfield code="a">AGL</subfield>
         <subfield code="b">eng</subfield>
         <subfield code="c">AGL</subfield>
      </datafield>
      <datafield tag="100" ind1="1" ind2=" ">
         <subfield code="a">Shi, Yuning</subfield>
         <subfield code="e">author</subfield>
         <subfield code="u">Earth and Environmental Systems Institute, The Pennsylvania State
        University, University Park, PA, USA; Department of Ecosystem Science and Management, The
        Pennsylvania State University, University Park, PA, USA</subfield>
      </datafield>
      <datafield tag="245" ind1="1" ind2="0">
         <subfield code="a">Simulating high‐resolution soil moisture patterns in the Shale Hills
        watershed using a land surface hydrologic model</subfield>
      </datafield>
      <datafield tag="300" ind1=" " ind2=" ">
         <subfield code="a">p. 4624-4637.</subfield>
      </datafield>
      <datafield tag="520" ind1=" " ind2=" ">
         <subfield code="a">Soil moisture is a critical variable in the water and energy cycles. The
        prediction of soil moisture patterns, especially at high spatial resolution, is challenging.
        This study tests the ability of a land surface hydrologic model (Flux‐PIHM) to simulate
        high‐resolution soil moisture patterns in the Shale Hills watershed (0.08 km²) in central
        Pennsylvania. Locally measured variables including a soil map, soil parameters, a tree map,
        and lidar topographic data, all have been synthesized into Flux‐PIHM to provide model
        inputs. The predicted 10‐cm soil moisture patterns for 15 individual days encompassing seven
        months in 2009 are compared with the observations from 61 soil moisture monitoring sites.
        Calibrated using only watershed‐scale and a few point‐based measurements, and driven by
        spatially uniform meteorological forcing, Flux‐PIHM is able to simulate the observed macro
        spatial pattern of soil moisture at ~10‐m resolution (spatial correlation coefficient ~ 0.6)
        and the day‐to‐day variation of this soil moisture pattern, although it underestimates the
        amplitude of the spatial variability and the mean soil moisture. Results show that the
        spatial distribution of soil hydraulic parameters has the dominant effect on the soil
        moisture spatial pattern. The surface topography and depth to bedrock also affect the soil
        moisture patterns in this watershed. Using the National Land Cover Database (NLCD) in place
        of a local tree survey map makes a negligible difference. Field measured soil type maps and
        soil type‐specific hydraulic parameters significantly improve the predicted soil moisture
        pattern as compared to the most detailed national soils database (Soil Survey Geographic
        Database, or SSURGO, 30‐m resolution). Copyright © 2015 John Wiley &amp; Sons,
        Ltd.</subfield>
      </datafield>
      <datafield tag="592" ind1=" " ind2=" ">
         <subfield code="a">Publisher supplied data</subfield>
      </datafield>
      <datafield tag="593" ind1=" " ind2=" ">
         <subfield code="a">PubAg article</subfield>
      </datafield>
      <datafield tag="650" ind1=" " ind2="3">
         <subfield code="a">bedrock</subfield>
      </datafield>
      <datafield tag="650" ind1=" " ind2="3">
         <subfield code="a">correlation</subfield>
      </datafield>
      <datafield tag="650" ind1=" " ind2="3">
         <subfield code="a">databases</subfield>
      </datafield>
      <datafield tag="650" ind1=" " ind2="3">
         <subfield code="a">energy</subfield>
      </datafield>
      <datafield tag="650" ind1=" " ind2="3">
         <subfield code="a">hydrologic models</subfield>
      </datafield>
      <datafield tag="650" ind1=" " ind2="3">
         <subfield code="a">land cover</subfield>
      </datafield>
      <datafield tag="650" ind1=" " ind2="3">
         <subfield code="a">lidar</subfield>
      </datafield>
      <datafield tag="650" ind1=" " ind2="3">
         <subfield code="a">monitoring</subfield>
      </datafield>
      <datafield tag="650" ind1=" " ind2="3">
         <subfield code="a">prediction</subfield>
      </datafield>
      <datafield tag="650" ind1=" " ind2="3">
         <subfield code="a">soil hydraulic properties</subfield>
      </datafield>
      <datafield tag="650" ind1=" " ind2="3">
         <subfield code="a">soil map</subfield>
      </datafield>
      <datafield tag="650" ind1=" " ind2="3">
         <subfield code="a">soil surveys</subfield>
      </datafield>
      <datafield tag="650" ind1=" " ind2="3">
         <subfield code="a">soil types</subfield>
      </datafield>
      <datafield tag="650" ind1=" " ind2="3">
         <subfield code="a">soil water</subfield>
      </datafield>
      <datafield tag="650" ind1=" " ind2="3">
         <subfield code="a">topography</subfield>
      </datafield>
      <datafield tag="650" ind1=" " ind2="3">
         <subfield code="a">trees</subfield>
      </datafield>
      <datafield tag="650" ind1=" " ind2="3">
         <subfield code="a">watersheds</subfield>
      </datafield>
      <datafield tag="651" ind1=" " ind2="3">
         <subfield code="a">Pennsylvania</subfield>
      </datafield>
      <datafield tag="700" ind1="1" ind2=" ">
         <subfield code="a">Baldwin, Douglas C.</subfield>
         <subfield code="e">author</subfield>
      </datafield>
      <datafield tag="700" ind1="1" ind2=" ">
         <subfield code="a">Davis, Kenneth J.</subfield>
         <subfield code="e">author</subfield>
      </datafield>
      <datafield tag="700" ind1="1" ind2=" ">
         <subfield code="a">Yu, Xuan</subfield>
         <subfield code="e">author</subfield>
      </datafield>
      <datafield tag="700" ind1="1" ind2=" ">
         <subfield code="a">Duffy, Christopher J.</subfield>
         <subfield code="e">author</subfield>
      </datafield>
      <datafield tag="700" ind1="1" ind2=" ">
         <subfield code="a">Lin, Henry</subfield>
         <subfield code="e">author</subfield>
      </datafield>
      <datafield tag="773" ind1="0" ind2=" ">
         <subfield code="t">Hydrological processes.</subfield>
         <subfield code="g">2015 Oct. 15, v. 29, no. 21 p.4624-4637</subfield>
         <subfield code="d">Wiley</subfield>
         <subfield code="x">0885-6087</subfield>
         <subfield code="7">nnas</subfield>
      </datafield>
      <datafield tag="787" ind1="1" ind2=" ">
         <subfield code="o">islandora_article_repository</subfield>
      </datafield>
      <datafield tag="787" ind1="1" ind2=" ">
         <subfield code="o">product_pubag</subfield>
      </datafield>
      <datafield tag="787" ind1="1" ind2=" ">
         <subfield code="o">(Journal)jnl3938466</subfield>
      </datafield>
      <datafield tag="856" ind1="4" ind2="0">
         <subfield code="u">http://dx.doi.org/10.1002/hyp.10593</subfield>
         <subfield code="3">Available from publisher's site</subfield>
      </datafield>
      <datafield tag="912" ind1=" " ind2=" ">
         <subfield code="a">Article</subfield>
      </datafield>
      <datafield tag="914" ind1=" " ind2=" ">
         <subfield code="a">Journal:jnl3938466</subfield>
         <subfield code="b">0885-6087</subfield>
         <subfield code="c">29</subfield>
         <subfield code="d">21</subfield>
         <subfield code="e">4624</subfield>
      </datafield>
      <datafield tag="914" ind1=" " ind2=" ">
         <subfield code="f">Hydrological processes</subfield>
      </datafield>
      <datafield tag="916" ind1=" " ind2=" ">
         <subfield code="a">Batch:1136</subfield>
      </datafield>
      <datafield tag="917" ind1=" " ind2=" ">
         <subfield code="a">issued</subfield>
      </datafield>
      <datafield tag="918" ind1="2" ind2=" ">
         <subfield code="a">John Wiley &amp; Sons, Inc</subfield>
         <subfield code="e">provider</subfield>
         <subfield code="5">DNAL</subfield>
      </datafield>
      <datafield tag="935" ind1=" " ind2=" ">
         <subfield code="a">IND604089011</subfield>
         <subfield code="9">ExL</subfield>
      </datafield>
      <datafield tag="949" ind1=" " ind2=" ">
         <subfield code="a">2015-11-24</subfield>
      </datafield>
      <datafield tag="953" ind1=" " ind2=" ">
         <subfield code="a">08856087_2015_29_21.xml</subfield>
      </datafield>
      <datafield tag="962" ind1=" " ind2=" ">
         <subfield code="a">Batch:1136 reviewed on 2015-11-24T10:37:18Z</subfield>
      </datafield>
      <datafield tag="974" ind1=" " ind2=" ">
         <subfield code="a">agid:4089011</subfield>
      </datafield>
      <datafield tag="983" ind1=" " ind2=" ">
         <subfield code="a">2015-09-23</subfield>
      </datafield>
      <datafield tag="984" ind1=" " ind2=" ">
         <subfield code="a">2015-11-24</subfield>
      </datafield>
   </record>