
   <!--Record: 131-->
   <record>
      <leader>03949nab a2200601 u 4500</leader>
      <controlfield tag="001">9916043847207426</controlfield>
      <controlfield tag="005">20221120115251.0</controlfield>
      <controlfield tag="008">160124e20121201xx |||||o|||||||||||eng||</controlfield>
      <datafield tag="016" ind1="7" ind2=" ">
         <subfield code="a">IND604799322</subfield>
         <subfield code="2">DNAL</subfield>
      </datafield>
      <datafield tag="024" ind1="7" ind2=" ">
         <subfield code="a">10.1556/ComEc.13.2012.2.5</subfield>
         <subfield code="2">doi</subfield>
      </datafield>
      <datafield tag="035" ind1=" " ind2=" ">
         <subfield code="a">agid:4799322-01nal_inst</subfield>
      </datafield>
      <datafield tag="040" ind1=" " ind2=" ">
         <subfield code="a">AGL</subfield>
         <subfield code="b">eng</subfield>
         <subfield code="c">AGL</subfield>
      </datafield>
      <datafield tag="100" ind1="1" ind2=" ">
         <subfield code="a">Bergamin, R. S.</subfield>
         <subfield code="e">author</subfield>
         <subfield code="u">Universidade Federal do Rio Grande do Sul Laboratório de Ecologia Vegetal,
        Programa de Pós-Graduação em Ecologia Av. Bento Gonçalves 9500 Porto Alegre, RS 91540-000
        Brazil</subfield>
      </datafield>
      <datafield tag="245" ind1="1" ind2="0">
         <subfield code="a">Indicator species and floristic patterns in different forest formations in
        southern Atlantic rainforests of Brazil</subfield>
      </datafield>
      <datafield tag="300" ind1=" " ind2=" ">
         <subfield code="a">p. 162-170.</subfield>
      </datafield>
      <datafield tag="520" ind1=" " ind2=" ">
         <subfield code="a">One of the greatest concerns in community ecology is to find how species
        composition patterns are related to different environmental and spatial conditions. This
        approach is especially interesting when applied to high diversity heterogeneous forests such
        as the Brazilian Atlantic Rainforest &lt;i&gt;sensu lato&lt;/i&gt;. The present study aims
        to verify the existence of indicator species in four southern Atlantic Rainforest formations
        and identify relationships among distributions of tree species with environmental and
        spatial variables. For that, tree species density data of 21 phytosociological surveys were
        collected from the literature. The data were analyzed using indicator species and partial
        canonical redundancy analysis (partial RDA). Sandy coastal formation contained the greatest
        number of indicator species (17), followed by Atlantic rainforest (10), cloud forest (4) and
        Araucaria forest (3). The partial RDA analysis explained 22% of total data variation, of
        which 11% was assigned to the environment, 5% to space, 6% to spatial component of
        environmental influence, and 78% remained undetermined. The forest formations present
        different sets of indicator species suggesting replacement of species along the forest
        formations. The largest and significant fraction of variation in the composition and
        abundance of tree species explained by environmental variables reflects the heterogeneity
        and complexity of habitats throughout the region of Atlantic Forest. The low spatial
        influence and the environmental results indicate a pattern of structured communities due to
        different requirements of niches by species (niche theory).</subfield>
      </datafield>
      <datafield tag="592" ind1=" " ind2=" ">
         <subfield code="a">Publisher supplied data</subfield>
      </datafield>
      <datafield tag="593" ind1=" " ind2=" ">
         <subfield code="a">PubAg article</subfield>
      </datafield>
      <datafield tag="650" ind1=" " ind2="3">
         <subfield code="a">Araucaria</subfield>
      </datafield>
      <datafield tag="650" ind1=" " ind2="3">
         <subfield code="a">environmental factors</subfield>
      </datafield>
      <datafield tag="650" ind1=" " ind2="3">
         <subfield code="a">indicator species</subfield>
      </datafield>
      <datafield tag="650" ind1=" " ind2="3">
         <subfield code="a">niches</subfield>
      </datafield>
      <datafield tag="650" ind1=" " ind2="3">
         <subfield code="a">phytosociology</subfield>
      </datafield>
      <datafield tag="650" ind1=" " ind2="3">
         <subfield code="a">rain forests</subfield>
      </datafield>
      <datafield tag="650" ind1=" " ind2="3">
         <subfield code="a">species diversity</subfield>
      </datafield>
      <datafield tag="650" ind1=" " ind2="3">
         <subfield code="a">surveys</subfield>
      </datafield>
      <datafield tag="650" ind1=" " ind2="3">
         <subfield code="a">trees</subfield>
      </datafield>
      <datafield tag="650" ind1=" " ind2="3">
         <subfield code="a">tropical montane cloud forests</subfield>
      </datafield>
      <datafield tag="651" ind1=" " ind2="3">
         <subfield code="a">Brazil</subfield>
      </datafield>
      <datafield tag="653" ind1=" " ind2="0">
         <subfield code="a">Brazilian Atlantic Forest</subfield>
      </datafield>
      <datafield tag="653" ind1=" " ind2="0">
         <subfield code="a">Environmental gradient</subfield>
      </datafield>
      <datafield tag="653" ind1=" " ind2="0">
         <subfield code="a">Niche theory</subfield>
      </datafield>
      <datafield tag="653" ind1=" " ind2="0">
         <subfield code="a">Tree species</subfield>
      </datafield>
      <datafield tag="700" ind1="1" ind2=" ">
         <subfield code="a">Müller, S.</subfield>
         <subfield code="e">author</subfield>
         <subfield code="u">Universidade Federal do Rio Grande do Sul Laboratório de Ecologia Vegetal,
        Programa de Pós-Graduação em Ecologia Av. Bento Gonçalves 9500 Porto Alegre, RS 91540-000
        Brazil</subfield>
      </datafield>
      <datafield tag="700" ind1="1" ind2=" ">
         <subfield code="a">Mello, R. S. P.</subfield>
         <subfield code="e">author</subfield>
         <subfield code="u">ONG ANAMA Av. Gal Osório 1658 Maquiné, RS 95530-000 Brazil</subfield>
      </datafield>
      <datafield tag="773" ind1="0" ind2=" ">
         <subfield code="t">Community ecology.</subfield>
         <subfield code="g">2012 Dec. 1, v. 13, no. 2 p.162-170</subfield>
         <subfield code="d">Akadémiai Kiadó</subfield>
         <subfield code="x">1585-8553</subfield>
         <subfield code="7">nnas</subfield>
      </datafield>
      <datafield tag="787" ind1="1" ind2=" ">
         <subfield code="o">islandora_article_repository</subfield>
      </datafield>
      <datafield tag="787" ind1="1" ind2=" ">
         <subfield code="o">product_pubag</subfield>
      </datafield>
      <datafield tag="787" ind1="1" ind2=" ">
         <subfield code="o">(Journal)J000000060</subfield>
      </datafield>
      <datafield tag="856" ind1="4" ind2="0">
         <subfield code="u">http://dx.doi.org/10.1556%2FComEc.13.2012.2.5</subfield>
         <subfield code="3">Available from publisher's site</subfield>
      </datafield>
      <datafield tag="912" ind1=" " ind2=" ">
         <subfield code="a">Article</subfield>
      </datafield>
      <datafield tag="914" ind1=" " ind2=" ">
         <subfield code="a">Journal:J000000060</subfield>
         <subfield code="b">1585-8553</subfield>
         <subfield code="c">13</subfield>
         <subfield code="d">2</subfield>
         <subfield code="e">162</subfield>
      </datafield>
      <datafield tag="914" ind1=" " ind2=" ">
         <subfield code="f">Community ecology</subfield>
      </datafield>
      <datafield tag="916" ind1=" " ind2=" ">
         <subfield code="a">Batch:1393</subfield>
      </datafield>
      <datafield tag="917" ind1=" " ind2=" ">
         <subfield code="a">issued</subfield>
      </datafield>
      <datafield tag="918" ind1="2" ind2=" ">
         <subfield code="a">Akademiai Kiado</subfield>
         <subfield code="e">provider</subfield>
         <subfield code="5">DNAL</subfield>
      </datafield>
      <datafield tag="935" ind1=" " ind2=" ">
         <subfield code="a">IND604799322</subfield>
         <subfield code="9">ExL</subfield>
      </datafield>
      <datafield tag="949" ind1=" " ind2=" ">
         <subfield code="a">2016-08-17</subfield>
      </datafield>
      <datafield tag="953" ind1=" " ind2=" ">
         <subfield code="a">AKAKIA_168_13_2.zip</subfield>
      </datafield>
      <datafield tag="962" ind1=" " ind2=" ">
         <subfield code="a">Batch:1393 reviewed on 2016-08-17T11:00:02Z</subfield>
      </datafield>
      <datafield tag="974" ind1=" " ind2=" ">
         <subfield code="a">agid:4799322</subfield>
      </datafield>
      <datafield tag="983" ind1=" " ind2=" ">
         <subfield code="a">2016-01-24</subfield>
      </datafield>
      <datafield tag="984" ind1=" " ind2=" ">
         <subfield code="a">2016-08-17</subfield>
      </datafield>
   </record>