
   <!--Record: 132-->
   <record>
      <leader>04527nab a2200745 u 4500</leader>
      <controlfield tag="001">9916043851407426</controlfield>
      <controlfield tag="005">20221120115423.0</controlfield>
      <controlfield tag="008">160124e20130601xx |||||o|||||||||||eng||</controlfield>
      <datafield tag="016" ind1="7" ind2=" ">
         <subfield code="a">IND604799326</subfield>
         <subfield code="2">DNAL</subfield>
      </datafield>
      <datafield tag="024" ind1="7" ind2=" ">
         <subfield code="a">10.1556/ComEc.14.2013.1.10</subfield>
         <subfield code="2">doi</subfield>
      </datafield>
      <datafield tag="035" ind1=" " ind2=" ">
         <subfield code="a">agid:4799326-01nal_inst</subfield>
      </datafield>
      <datafield tag="040" ind1=" " ind2=" ">
         <subfield code="a">AGL</subfield>
         <subfield code="b">eng</subfield>
         <subfield code="c">AGL</subfield>
      </datafield>
      <datafield tag="100" ind1="1" ind2=" ">
         <subfield code="a">Korňan, M.</subfield>
         <subfield code="e">author</subfield>
      </datafield>
      <datafield tag="245" ind1="1" ind2="0">
         <subfield code="a">Convergence in foraging guild structure of forest breeding bird assemblages
        across three continents is related to habitat structure and foraging
        opportunities</subfield>
      </datafield>
      <datafield tag="300" ind1=" " ind2=" ">
         <subfield code="a">p. 89-100.</subfield>
      </datafield>
      <datafield tag="520" ind1=" " ind2=" ">
         <subfield code="a">Comparisons of community structure across sites allow for the detection of
        convergent patterns and the selective forces that have produced them. In this study, we
        examined the foraging guild structure of birds breeding in forests on three continents —
        Europe, North America, and Australia, with largely phylogenetically distinct avifaunas. We
        examined two hypotheses: (1) the bird assemblages in the three geographically separated
        forested study sites should have similar foraging guild patterns to the extent to which
        environmental resources of these forests are similar, and (2) if bird assemblages in
        structurally similar forest habitats have undergone adaptive evolution, then radiation of
        species into guilds should have been caused by analogous selective resource gradients
        (factors). Bootstrapped cluster analysis (UPGMA) and bootstrapped principal coordinate
        analysis (BPCoA) of chord distances were employed to determine foraging guild structure for
        each assemblage, and to extract the significantly different factors responsible for
        segregation of species into guilds. Cluster analyses identified three analogous foraging
        guilds (ground and litter foragers, foliage gleaners, and trunk foragers) in each of the
        bird assemblages, supporting the first hypothesis of guild structure convergence. The BPCoA
        determined that two environmental factors (vertical resource allocation and spatial tree
        morphology gradients) were primarily responsible for segregation of species into guilds in
        these three geographically distant but structurally similar forests. These findings support
        the hypothesis that guild structures in forest bird assemblages largely reflect the
        similarities and differences in forest structure and the distribution and abundance of
        foraging resources, and result from largely adaptive evolution.</subfield>
      </datafield>
      <datafield tag="592" ind1=" " ind2=" ">
         <subfield code="a">Publisher supplied data</subfield>
      </datafield>
      <datafield tag="593" ind1=" " ind2=" ">
         <subfield code="a">PubAg article</subfield>
      </datafield>
      <datafield tag="650" ind1=" " ind2="3">
         <subfield code="a">birds</subfield>
      </datafield>
      <datafield tag="650" ind1=" " ind2="3">
         <subfield code="a">breeding</subfield>
      </datafield>
      <datafield tag="650" ind1=" " ind2="3">
         <subfield code="a">cluster analysis</subfield>
      </datafield>
      <datafield tag="650" ind1=" " ind2="3">
         <subfield code="a">community structure</subfield>
      </datafield>
      <datafield tag="650" ind1=" " ind2="3">
         <subfield code="a">environmental factors</subfield>
      </datafield>
      <datafield tag="650" ind1=" " ind2="3">
         <subfield code="a">evolutionary adaptation</subfield>
      </datafield>
      <datafield tag="650" ind1=" " ind2="3">
         <subfield code="a">foraging</subfield>
      </datafield>
      <datafield tag="650" ind1=" " ind2="3">
         <subfield code="a">forest habitats</subfield>
      </datafield>
      <datafield tag="650" ind1=" " ind2="3">
         <subfield code="a">forests</subfield>
      </datafield>
      <datafield tag="650" ind1=" " ind2="3">
         <subfield code="a">leaves</subfield>
      </datafield>
      <datafield tag="650" ind1=" " ind2="3">
         <subfield code="a">phylogeny</subfield>
      </datafield>
      <datafield tag="650" ind1=" " ind2="3">
         <subfield code="a">trees</subfield>
      </datafield>
      <datafield tag="651" ind1=" " ind2="3">
         <subfield code="a">Australia</subfield>
      </datafield>
      <datafield tag="651" ind1=" " ind2="3">
         <subfield code="a">Europe</subfield>
      </datafield>
      <datafield tag="651" ind1=" " ind2="3">
         <subfield code="a">North America</subfield>
      </datafield>
      <datafield tag="653" ind1=" " ind2="0">
         <subfield code="a">Bird community structure</subfield>
      </datafield>
      <datafield tag="653" ind1=" " ind2="0">
         <subfield code="a">Bondi State Forest</subfield>
      </datafield>
      <datafield tag="653" ind1=" " ind2="0">
         <subfield code="a">Bootstrap testing</subfield>
      </datafield>
      <datafield tag="653" ind1=" " ind2="0">
         <subfield code="a">Cluster analysis</subfield>
      </datafield>
      <datafield tag="653" ind1=" " ind2="0">
         <subfield code="a">Foraging guilds</subfield>
      </datafield>
      <datafield tag="653" ind1=" " ind2="0">
         <subfield code="a">Hubbard Brook Experimental Forest</subfield>
      </datafield>
      <datafield tag="653" ind1=" " ind2="0">
         <subfield code="a">Intercontinental guild comparisons</subfield>
      </datafield>
      <datafield tag="653" ind1=" " ind2="0">
         <subfield code="a">Ordination</subfield>
      </datafield>
      <datafield tag="653" ind1=" " ind2="0">
         <subfield code="a">Resource partitioning</subfield>
      </datafield>
      <datafield tag="653" ind1=" " ind2="0">
         <subfield code="a">Šrámková National Nature Reserve</subfield>
      </datafield>
      <datafield tag="700" ind1="1" ind2=" ">
         <subfield code="a">Holmes, R. T.</subfield>
         <subfield code="e">author</subfield>
         <subfield code="u">Dartmouth College Department of Biological Sciences 78 College St. Hanover
        New Hampshire 03755 U.S.A.</subfield>
      </datafield>
      <datafield tag="700" ind1="1" ind2=" ">
         <subfield code="a">Recher, H. F.</subfield>
         <subfield code="e">author</subfield>
      </datafield>
      <datafield tag="700" ind1="1" ind2=" ">
         <subfield code="a">Adamík, P.</subfield>
         <subfield code="e">author</subfield>
         <subfield code="u">Palacký University Department of Zoology Tř. Svobody 26 771 46 Olomouc The
        Czech Republic</subfield>
      </datafield>
      <datafield tag="700" ind1="1" ind2=" ">
         <subfield code="a">Kropil, R.</subfield>
         <subfield code="e">author</subfield>
         <subfield code="u">Technical University in Zvolen Department of Forest Protection and Game
        Management, Faculty of Forestry T.G. Masaryka 20 960 53 Zvolen Slovakia</subfield>
      </datafield>
      <datafield tag="773" ind1="0" ind2=" ">
         <subfield code="t">Community ecology.</subfield>
         <subfield code="g">2013 June 1, v. 14, no. 1 p.89-100</subfield>
         <subfield code="d">Akadémiai Kiadó</subfield>
         <subfield code="x">1585-8553</subfield>
         <subfield code="7">nnas</subfield>
      </datafield>
      <datafield tag="787" ind1="1" ind2=" ">
         <subfield code="o">islandora_article_repository</subfield>
      </datafield>
      <datafield tag="787" ind1="1" ind2=" ">
         <subfield code="o">product_pubag</subfield>
      </datafield>
      <datafield tag="787" ind1="1" ind2=" ">
         <subfield code="o">(Journal)J000000060</subfield>
      </datafield>
      <datafield tag="856" ind1="4" ind2="0">
         <subfield code="u">http://dx.doi.org/10.1556%2FComEc.14.2013.1.10</subfield>
         <subfield code="3">Available from publisher's site</subfield>
      </datafield>
      <datafield tag="912" ind1=" " ind2=" ">
         <subfield code="a">Article</subfield>
      </datafield>
      <datafield tag="914" ind1=" " ind2=" ">
         <subfield code="a">Journal:J000000060</subfield>
         <subfield code="b">1585-8553</subfield>
         <subfield code="c">14</subfield>
         <subfield code="d">1</subfield>
         <subfield code="e">89</subfield>
      </datafield>
      <datafield tag="914" ind1=" " ind2=" ">
         <subfield code="f">Community ecology</subfield>
      </datafield>
      <datafield tag="916" ind1=" " ind2=" ">
         <subfield code="a">Batch:1393</subfield>
      </datafield>
      <datafield tag="917" ind1=" " ind2=" ">
         <subfield code="a">issued</subfield>
      </datafield>
      <datafield tag="918" ind1="2" ind2=" ">
         <subfield code="a">Akademiai Kiado</subfield>
         <subfield code="e">provider</subfield>
         <subfield code="5">DNAL</subfield>
      </datafield>
      <datafield tag="935" ind1=" " ind2=" ">
         <subfield code="a">IND604799326</subfield>
         <subfield code="9">ExL</subfield>
      </datafield>
      <datafield tag="949" ind1=" " ind2=" ">
         <subfield code="a">2016-08-17</subfield>
      </datafield>
      <datafield tag="953" ind1=" " ind2=" ">
         <subfield code="a">AKAKIA_168_14_1.zip</subfield>
      </datafield>
      <datafield tag="962" ind1=" " ind2=" ">
         <subfield code="a">Batch:1393 reviewed on 2016-08-17T11:00:02Z</subfield>
      </datafield>
      <datafield tag="974" ind1=" " ind2=" ">
         <subfield code="a">agid:4799326</subfield>
      </datafield>
      <datafield tag="983" ind1=" " ind2=" ">
         <subfield code="a">2016-01-24</subfield>
      </datafield>
      <datafield tag="984" ind1=" " ind2=" ">
         <subfield code="a">2016-08-17</subfield>
      </datafield>
   </record>