
   <!--Record: 135-->
   <record>
      <leader>03448nab a2200541 u 4500</leader>
      <controlfield tag="001">9916044371607426</controlfield>
      <controlfield tag="005">20221120220447.0</controlfield>
      <controlfield tag="008">170728e201703 xx |||||o|||||||||||eng||</controlfield>
      <datafield tag="016" ind1="7" ind2=" ">
         <subfield code="a">IND605757099</subfield>
         <subfield code="2">DNAL</subfield>
      </datafield>
      <datafield tag="024" ind1="7" ind2=" ">
         <subfield code="a">10.1007/s00382-016-3174-8</subfield>
         <subfield code="2">doi</subfield>
      </datafield>
      <datafield tag="035" ind1=" " ind2=" ">
         <subfield code="a">agid:5757099-01nal_inst</subfield>
      </datafield>
      <datafield tag="040" ind1=" " ind2=" ">
         <subfield code="a">AGL</subfield>
         <subfield code="b">eng</subfield>
         <subfield code="c">AGL</subfield>
      </datafield>
      <datafield tag="100" ind1="1" ind2=" ">
         <subfield code="a">Cai, QiuFang</subfield>
         <subfield code="e">author</subfield>
      </datafield>
      <datafield tag="245" ind1="1" ind2="0">
         <subfield code="a">Two centuries temperature variations over subtropical southeast China
        inferred from Pinus taiwanensis Hayata tree-ring width</subfield>
      </datafield>
      <datafield tag="300" ind1=" " ind2=" ">
         <subfield code="a">p. 1813-1825.</subfield>
      </datafield>
      <datafield tag="520" ind1=" " ind2=" ">
         <subfield code="a">High-resolution long-term temperature reconstructions in subtropical
        southeast China (SSC) are very scarce, yet indispensable for the comprehensive understanding
        of climate change in China, even in East Asia. We reconstructed the first previous
        growth-season temperature in the Sanqingshan Mountains (SQS), southeast China since 1806
        based on tree-ring width data. The reconstruction accounts for 56.4 % of the total variance
        in the instrumental record over 1954–2009. Unlike the Northern Hemispheric warming during
        recent two centuries, the reconstruction captured a slowly cooling trend from 1806 to 1980,
        followed by a rapid warming afterward. 2003–2009 was the warmest period in the
        reconstruction. 1970–2000 was colder than the last stage of the Little Ice Age (LIA). Most
        of the warm and cold periods in this reconstruction could be found in the tree-ring based
        temperature reconstructions of vicinity area, indicating that the temperature variations in
        SSC were almost synchronous at least at decadal scale. This regional coherence of
        temperature variation was further confirmed by the spatial correlation patterns with the CRU
        TS3.22 grid dataset. A strong positive relationship between the temperature over SQS region
        and sea surface temperature (SST) over the North Pacific Ocean (NP) has been noted,
        suggesting that SST variations over NP and the related Pacific Decadal Oscillation
        significantly influenced the temperature variability over SSC. To better understand the
        climate variability during the LIA and the regional differences in temperature variations
        over SQS and northern Hemisphere, long data sets from more diverse areas of southern China
        are needed.</subfield>
      </datafield>
      <datafield tag="592" ind1=" " ind2=" ">
         <subfield code="a">Publisher supplied data</subfield>
      </datafield>
      <datafield tag="593" ind1=" " ind2=" ">
         <subfield code="a">PubAg article</subfield>
      </datafield>
      <datafield tag="650" ind1=" " ind2="3">
         <subfield code="a">Pinus taiwanensis</subfield>
      </datafield>
      <datafield tag="650" ind1=" " ind2="3">
         <subfield code="a">climate</subfield>
      </datafield>
      <datafield tag="650" ind1=" " ind2="3">
         <subfield code="a">climate change</subfield>
      </datafield>
      <datafield tag="650" ind1=" " ind2="3">
         <subfield code="a">data collection</subfield>
      </datafield>
      <datafield tag="650" ind1=" " ind2="3">
         <subfield code="a">growth rings</subfield>
      </datafield>
      <datafield tag="650" ind1=" " ind2="3">
         <subfield code="a">mountains</subfield>
      </datafield>
      <datafield tag="650" ind1=" " ind2="3">
         <subfield code="a">surface water temperature</subfield>
      </datafield>
      <datafield tag="650" ind1=" " ind2="3">
         <subfield code="a">variance</subfield>
      </datafield>
      <datafield tag="651" ind1=" " ind2="3">
         <subfield code="a">China</subfield>
      </datafield>
      <datafield tag="651" ind1=" " ind2="3">
         <subfield code="a">Pacific Ocean</subfield>
      </datafield>
      <datafield tag="700" ind1="1" ind2=" ">
         <subfield code="a">Liu, Yu</subfield>
         <subfield code="e">author</subfield>
      </datafield>
      <datafield tag="773" ind1="0" ind2=" ">
         <subfield code="t">Climate dynamics.</subfield>
         <subfield code="g">2017 Mar., v. 48, no. 5-6 p.1813-1825</subfield>
         <subfield code="d">Springer Berlin Heidelberg</subfield>
         <subfield code="x">0930-7575</subfield>
         <subfield code="7">nnas</subfield>
      </datafield>
      <datafield tag="787" ind1="1" ind2=" ">
         <subfield code="o">islandora_article_repository</subfield>
      </datafield>
      <datafield tag="787" ind1="1" ind2=" ">
         <subfield code="o">product_pubag</subfield>
      </datafield>
      <datafield tag="787" ind1="1" ind2=" ">
         <subfield code="o">(Journal)jnl3895934</subfield>
      </datafield>
      <datafield tag="856" ind1="4" ind2="0">
         <subfield code="u">http://dx.doi.org/10.1007/s00382-016-3174-8</subfield>
         <subfield code="3">Available from publisher's site</subfield>
      </datafield>
      <datafield tag="912" ind1=" " ind2=" ">
         <subfield code="a">Article</subfield>
      </datafield>
      <datafield tag="914" ind1=" " ind2=" ">
         <subfield code="a">Journal:jnl3895934</subfield>
         <subfield code="b">0930-7575</subfield>
         <subfield code="c">48</subfield>
         <subfield code="d">5-6</subfield>
         <subfield code="e">1813</subfield>
      </datafield>
      <datafield tag="914" ind1=" " ind2=" ">
         <subfield code="f">Climate dynamics</subfield>
      </datafield>
      <datafield tag="916" ind1=" " ind2=" ">
         <subfield code="a">Batch:1798</subfield>
      </datafield>
      <datafield tag="917" ind1=" " ind2=" ">
         <subfield code="a">issued</subfield>
      </datafield>
      <datafield tag="918" ind1="2" ind2=" ">
         <subfield code="a">Springer</subfield>
         <subfield code="e">provider</subfield>
         <subfield code="5">DNAL</subfield>
      </datafield>
      <datafield tag="935" ind1=" " ind2=" ">
         <subfield code="a">IND605757099</subfield>
         <subfield code="9">ExL</subfield>
      </datafield>
      <datafield tag="949" ind1=" " ind2=" ">
         <subfield code="a">2017-09-25</subfield>
      </datafield>
      <datafield tag="953" ind1=" " ind2=" ">
         <subfield code="a">ftp_PUB_17-03-11_05-59-47.zip</subfield>
      </datafield>
      <datafield tag="962" ind1=" " ind2=" ">
         <subfield code="a">Journal title changed from 'Clim Dyn'</subfield>
      </datafield>
      <datafield tag="962" ind1=" " ind2=" ">
         <subfield code="a">Batch:1798 reviewed on 2017-09-25T15:00:02Z</subfield>
      </datafield>
      <datafield tag="974" ind1=" " ind2=" ">
         <subfield code="a">agid:5757099</subfield>
      </datafield>
      <datafield tag="983" ind1=" " ind2=" ">
         <subfield code="a">2017-07-28</subfield>
      </datafield>
      <datafield tag="984" ind1=" " ind2=" ">
         <subfield code="a">2017-09-25</subfield>
      </datafield>
   </record>