
   <!--Record: 136-->
   <record>
      <leader>02885nab a2200409 u 4500</leader>
      <controlfield tag="001">9916044669907426</controlfield>
      <controlfield tag="005">20221120100757.0</controlfield>
      <controlfield tag="008">151108e200103 xx |||||o|||||||||||eng||</controlfield>
      <datafield tag="016" ind1="7" ind2=" ">
         <subfield code="a">IND601269215</subfield>
         <subfield code="2">DNAL</subfield>
      </datafield>
      <datafield tag="024" ind1="7" ind2=" ">
         <subfield code="a">10.1603/0013-8746(2001)094[0210:UOSMMB]2.0.CO;2</subfield>
         <subfield code="2">doi</subfield>
      </datafield>
      <datafield tag="035" ind1=" " ind2=" ">
         <subfield code="a">agid:1269215-01nal_inst</subfield>
      </datafield>
      <datafield tag="040" ind1=" " ind2=" ">
         <subfield code="a">AGL</subfield>
         <subfield code="b">eng</subfield>
         <subfield code="c">AGL</subfield>
      </datafield>
      <datafield tag="100" ind1="1" ind2=" ">
         <subfield code="a">Prinzing, A. J.</subfield>
         <subfield code="e">author</subfield>
         <subfield code="u">Current address: Department of Community Ecology, Center for Environmental
        Research, Theodor Lieser Str. 4, 06120 Halle/S.Germany</subfield>
      </datafield>
      <datafield tag="245" ind1="1" ind2="0">
         <subfield code="a">Use of Shifting Microclimatic Mosaics by Arthropods on Exposed Tree
        Trunks</subfield>
      </datafield>
      <datafield tag="300" ind1=" " ind2=" ">
         <subfield code="a">p. 210-218.</subfield>
      </datafield>
      <datafield tag="520" ind1=" " ind2=" ">
         <subfield code="a">This study focused on two questions relevant to ecophysiology: Do
        distributions of animal species track shifting microclimatic mosaics under field conditions?
        Do distributions on different levels of spatial resolution (different ““scales””)
        consistently modify a species’’ access to heat or humidity? I counted the arthropods on the
        bark of exposed tree trunks in northern Germany with a 10×× lens and investigated how the
        dominant species (collembolans, psocopterans, isopods, a linyphiid spider, and an oribatid
        mite) used climatic patterns at various scales. These included mesoclimatic patterns and
        shifting microclimatic patterns such as microrelief, trunk faces, and trunk/mesoclimate
        differences. Bias owing to changing frequency of microhabitats, or to redistributions of
        animals between microhabitats was avoided. I also investigated the effects of climatic
        patterns on heat and humidity levels at the bark surface. The distributions of all species,
        except the psocopterans, similarly tracked shifting microclimatic mosaics and mesoclimates.
        The distributions of most species modified their access to heat or humidity consistently at
        several mutually independent scales. The remaining species seemed to be restricted in their
        climate use by sensory or metabolic limitations.</subfield>
      </datafield>
      <datafield tag="592" ind1=" " ind2=" ">
         <subfield code="a">Publisher supplied data</subfield>
      </datafield>
      <datafield tag="653" ind1=" " ind2="0">
         <subfield code="a">behavior</subfield>
      </datafield>
      <datafield tag="653" ind1=" " ind2="0">
         <subfield code="a">biophysical ecology</subfield>
      </datafield>
      <datafield tag="653" ind1=" " ind2="0">
         <subfield code="a">canopy</subfield>
      </datafield>
      <datafield tag="653" ind1=" " ind2="0">
         <subfield code="a">ecophysiology</subfield>
      </datafield>
      <datafield tag="653" ind1=" " ind2="0">
         <subfield code="a">habitat use</subfield>
      </datafield>
      <datafield tag="653" ind1=" " ind2="0">
         <subfield code="a">scale</subfield>
      </datafield>
      <datafield tag="773" ind1="0" ind2=" ">
         <subfield code="t">Annals of the Entomological Society of America.</subfield>
         <subfield code="g">2001 Mar., v. 94, no. 2 p.210-218</subfield>
         <subfield code="d">Entomological Society of America</subfield>
         <subfield code="x">0013-8746</subfield>
         <subfield code="7">nnas</subfield>
      </datafield>
      <datafield tag="787" ind1="1" ind2=" ">
         <subfield code="o">islandora_article_repository</subfield>
      </datafield>
      <datafield tag="787" ind1="1" ind2=" ">
         <subfield code="o">(Journal)jnl44731</subfield>
      </datafield>
      <datafield tag="856" ind1="4" ind2="0">
         <subfield code="u">http://dx.doi.org/10.1603%2F0013-8746%282001%29094%5B0210%3AUOSMMB%5D2.0.CO%3B2</subfield>
         <subfield code="3">Available from publisher's site</subfield>
      </datafield>
      <datafield tag="912" ind1=" " ind2=" ">
         <subfield code="a">Article</subfield>
      </datafield>
      <datafield tag="914" ind1=" " ind2=" ">
         <subfield code="a">Journal:jnl44731</subfield>
         <subfield code="b">0013-8746</subfield>
         <subfield code="c">94</subfield>
         <subfield code="d">2</subfield>
         <subfield code="e">210</subfield>
      </datafield>
      <datafield tag="914" ind1=" " ind2=" ">
         <subfield code="f">Annals of the Entomological Society of America</subfield>
      </datafield>
      <datafield tag="917" ind1=" " ind2=" ">
         <subfield code="a">hold</subfield>
      </datafield>
      <datafield tag="918" ind1="2" ind2=" ">
         <subfield code="a">BioOne</subfield>
         <subfield code="e">provider</subfield>
         <subfield code="5">DNAL</subfield>
      </datafield>
      <datafield tag="935" ind1=" " ind2=" ">
         <subfield code="a">IND601269215</subfield>
         <subfield code="9">ExL</subfield>
      </datafield>
      <datafield tag="953" ind1=" " ind2=" ">
         <subfield code="a">ESAAv94i2-04281850-171059.zip</subfield>
      </datafield>
      <datafield tag="974" ind1=" " ind2=" ">
         <subfield code="a">agid:1269215</subfield>
      </datafield>
      <datafield tag="983" ind1=" " ind2=" ">
         <subfield code="a">2015-11-08</subfield>
      </datafield>
      <datafield tag="984" ind1=" " ind2=" ">
         <subfield code="a">2015-11-08</subfield>
      </datafield>
   </record>