
   <!--Record: 140-->
   <record>
      <leader>06027nab a2200805 u 4500</leader>
      <controlfield tag="001">9916045676407426</controlfield>
      <controlfield tag="005">20221121034753.0</controlfield>
      <controlfield tag="008">180905e201710 xx |||||o|||||||||||eng||</controlfield>
      <datafield tag="016" ind1="7" ind2=" ">
         <subfield code="a">IND606126156</subfield>
         <subfield code="2">DNAL</subfield>
      </datafield>
      <datafield tag="024" ind1="7" ind2=" ">
         <subfield code="a">10.1016/j.gecco.2017.11.005</subfield>
         <subfield code="2">doi</subfield>
      </datafield>
      <datafield tag="035" ind1=" " ind2=" ">
         <subfield code="a">agid:6126156-01nal_inst</subfield>
      </datafield>
      <datafield tag="040" ind1=" " ind2=" ">
         <subfield code="a">AGL</subfield>
         <subfield code="b">eng</subfield>
         <subfield code="c">AGL</subfield>
      </datafield>
      <datafield tag="100" ind1="1" ind2=" ">
         <subfield code="a">Hutama, Aditya</subfield>
         <subfield code="e">author</subfield>
         <subfield code="u">Bogor Agricultural University, Faculty of Mathematics and Natural Science,
        Animal Bioscience, Jl. Raya Darmaga, Bogor 16680, Indonesia</subfield>
      </datafield>
      <datafield tag="245" ind1="1" ind2="0">
         <subfield code="a">Identifying spatially concordant evolutionary significant units across
        multiple species through DNA barcodes: Application to the conservation genetics of the
        freshwater fishes of Java and Bali</subfield>
      </datafield>
      <datafield tag="300" ind1=" " ind2=" ">
         <subfield code="a">p. 170-187.</subfield>
      </datafield>
      <datafield tag="520" ind1=" " ind2=" ">
         <subfield code="a">Delineating Evolutionary Significant Units for conservation purposes is a
        crucial step in conservation. Across a distribution range, species frequently display
        population structure that drives the distribution of genetic diversity. These patterns of
        genetic structure and diversity result from intricate interactions between biogeographic
        history and demographic dynamics. Prior biogeographic knowledge, however, is scarcely
        available, a trend particularly pronounced in the tropics where the taxonomic impediment is
        hampering biogeographic studies and conservation efforts. DNA barcoding has been initially
        proposed to foster taxonomic studies through the development of an automated molecular
        system of species identification. While its utility for species identification is
        increasingly acknowledged, its usefulness for fast and large-scale delineation of ESU
        remains to be explored. If proved to be useful for that purpose, DNA barcoding may also open
        new perspectives in conservation by quickly providing preliminary information about
        population conservation status. The present study aims at assessing the utility of DNA
        barcoding for the delineation of ESUs among the most common freshwater fish species of Java
        and Bali through the comparison of population genetic structures and diversification
        patterns across multiple species. Substantial levels of cryptic diversity are discovered
        among the three widely distributed freshwater fish species analyzed with a total of 21
        evolutionary independent mitochondrial lineages (BINs) observed in Barbodes binotatus,
        Channa gachua and Glyptothorax platypogon. The maximum genetic distance for each coalescent
        tree ranges from 6.78 to 7.76 K2P genetic distances for C. gachua and G. platypogon,
        respectively. Diversification and population genetic analyses support a scenario of
        allopatric differentiation. The analysis of the BINs spatial distribution indicates
        concordant distribution patterns among the three species that allow identifying 18 ESUs.
        Implications for the conservation genetics of these species are discussed at the light of
        the history of the region.</subfield>
      </datafield>
      <datafield tag="592" ind1=" " ind2=" ">
         <subfield code="a">Publisher supplied data</subfield>
      </datafield>
      <datafield tag="593" ind1=" " ind2=" ">
         <subfield code="a">PubAg article</subfield>
      </datafield>
      <datafield tag="650" ind1=" " ind2="3">
         <subfield code="a">Barbodes</subfield>
      </datafield>
      <datafield tag="650" ind1=" " ind2="3">
         <subfield code="a">Channa</subfield>
      </datafield>
      <datafield tag="650" ind1=" " ind2="3">
         <subfield code="a">DNA barcoding</subfield>
      </datafield>
      <datafield tag="650" ind1=" " ind2="3">
         <subfield code="a">Glyptothorax</subfield>
      </datafield>
      <datafield tag="650" ind1=" " ind2="3">
         <subfield code="a">allopatry</subfield>
      </datafield>
      <datafield tag="650" ind1=" " ind2="3">
         <subfield code="a">automation</subfield>
      </datafield>
      <datafield tag="650" ind1=" " ind2="3">
         <subfield code="a">conservation genetics</subfield>
      </datafield>
      <datafield tag="650" ind1=" " ind2="3">
         <subfield code="a">conservation status</subfield>
      </datafield>
      <datafield tag="650" ind1=" " ind2="3">
         <subfield code="a">freshwater fish</subfield>
      </datafield>
      <datafield tag="650" ind1=" " ind2="3">
         <subfield code="a">genetic analysis</subfield>
      </datafield>
      <datafield tag="650" ind1=" " ind2="3">
         <subfield code="a">genetic distance</subfield>
      </datafield>
      <datafield tag="650" ind1=" " ind2="3">
         <subfield code="a">genetic variation</subfield>
      </datafield>
      <datafield tag="650" ind1=" " ind2="3">
         <subfield code="a">mitochondria</subfield>
      </datafield>
      <datafield tag="650" ind1=" " ind2="3">
         <subfield code="a">population structure</subfield>
      </datafield>
      <datafield tag="650" ind1=" " ind2="3">
         <subfield code="a">species identification</subfield>
      </datafield>
      <datafield tag="650" ind1=" " ind2="3">
         <subfield code="a">trees</subfield>
      </datafield>
      <datafield tag="650" ind1=" " ind2="3">
         <subfield code="a">tropics</subfield>
      </datafield>
      <datafield tag="651" ind1=" " ind2="3">
         <subfield code="a">Indonesia</subfield>
      </datafield>
      <datafield tag="653" ind1=" " ind2="0">
         <subfield code="a">Phylogeography</subfield>
      </datafield>
      <datafield tag="653" ind1=" " ind2="0">
         <subfield code="a">Biodiversity hotspot</subfield>
      </datafield>
      <datafield tag="653" ind1=" " ind2="0">
         <subfield code="a">Pleistocene</subfield>
      </datafield>
      <datafield tag="653" ind1=" " ind2="0">
         <subfield code="a">Southeast Asia</subfield>
      </datafield>
      <datafield tag="653" ind1=" " ind2="0">
         <subfield code="a">Coalescent theory</subfield>
      </datafield>
      <datafield tag="653" ind1=" " ind2="0">
         <subfield code="a">Cryptic diversity</subfield>
      </datafield>
      <datafield tag="700" ind1="1" ind2=" ">
         <subfield code="a">Dahruddin, Hadi</subfield>
         <subfield code="e">author</subfield>
         <subfield code="u">LIPI, Research Center for Biology, Zoology Division, MZB, Gedung
        Widyasatwaloka, Jl. Raya Jakarta Bogor Km. 46, Cibinong- Bogor 16911, Indonesia</subfield>
      </datafield>
      <datafield tag="700" ind1="1" ind2=" ">
         <subfield code="a">Busson, Frédéric</subfield>
         <subfield code="e">author</subfield>
         <subfield code="u">Muséum national d’Histoire naturelle, UMR 7208 (MNHN-CNRS-UPMC-IRD-UCBN),
        CP 026, 43, rue Cuvier, F-75231 Paris Cedex 05, France</subfield>
      </datafield>
      <datafield tag="700" ind1="1" ind2=" ">
         <subfield code="a">Sauri, Sopian</subfield>
         <subfield code="e">author</subfield>
         <subfield code="u">LIPI, Research Center for Biology, Zoology Division, MZB, Gedung
        Widyasatwaloka, Jl. Raya Jakarta Bogor Km. 46, Cibinong- Bogor 16911, Indonesia</subfield>
      </datafield>
      <datafield tag="700" ind1="1" ind2=" ">
         <subfield code="a">Keith, Philippe</subfield>
         <subfield code="e">author</subfield>
         <subfield code="u">Muséum national d’Histoire naturelle, UMR 7208 (MNHN-CNRS-UPMC-IRD-UCBN),
        CP 026, 43, rue Cuvier, F-75231 Paris Cedex 05, France</subfield>
      </datafield>
      <datafield tag="700" ind1="1" ind2=" ">
         <subfield code="a">Hadiaty, Renny Kurnia</subfield>
         <subfield code="e">author</subfield>
         <subfield code="u">LIPI, Research Center for Biology, Zoology Division, MZB, Gedung
        Widyasatwaloka, Jl. Raya Jakarta Bogor Km. 46, Cibinong- Bogor 16911, Indonesia</subfield>
      </datafield>
      <datafield tag="700" ind1="1" ind2=" ">
         <subfield code="a">Hanner, Robert</subfield>
         <subfield code="e">author</subfield>
         <subfield code="u">Biodiversity Institute of Ontario and Department of Integrative Biology,
        University of Guelph, Guelph, ON, Canada</subfield>
      </datafield>
      <datafield tag="700" ind1="1" ind2=" ">
         <subfield code="a">Suryobroto, Bambang</subfield>
         <subfield code="e">author</subfield>
         <subfield code="u">Bogor Agricultural University, Faculty of Mathematics and Natural Science,
        Animal Bioscience, Jl. Raya Darmaga, Bogor 16680, Indonesia</subfield>
      </datafield>
      <datafield tag="700" ind1="1" ind2=" ">
         <subfield code="a">Hubert, Nicolas</subfield>
         <subfield code="e">author</subfield>
         <subfield code="u">Institut de Recherche pour le Développement, UMR 226 ISEM (UM2-CNRS-IRD),
        Place Eugène Bataillon, CC 065, F-34095 Montpellier cedex 05, France</subfield>
      </datafield>
      <datafield tag="773" ind1="0" ind2=" ">
         <subfield code="t">Global ecology and conservation.</subfield>
         <subfield code="g">2017 Oct., v. 12 p.170-187</subfield>
         <subfield code="d">Elsevier B.V.</subfield>
         <subfield code="w">Journal:23212</subfield>
         <subfield code="x">2351-9894</subfield>
         <subfield code="7">nnas</subfield>
      </datafield>
      <datafield tag="787" ind1="1" ind2=" ">
         <subfield code="o">islandora_article_repository</subfield>
      </datafield>
      <datafield tag="787" ind1="1" ind2=" ">
         <subfield code="o">product_pubag</subfield>
      </datafield>
      <datafield tag="787" ind1="1" ind2=" ">
         <subfield code="o">(Journal)23212</subfield>
      </datafield>
      <datafield tag="856" ind1="4" ind2="0">
         <subfield code="u">http://dx.doi.org/10.1016/j.gecco.2017.11.005</subfield>
         <subfield code="3">Available from publisher's site</subfield>
      </datafield>
      <datafield tag="912" ind1=" " ind2=" ">
         <subfield code="a">Article</subfield>
      </datafield>
      <datafield tag="914" ind1=" " ind2=" ">
         <subfield code="a">Journal:23212</subfield>
         <subfield code="b">2351-9894</subfield>
         <subfield code="c">12</subfield>
         <subfield code="e">170</subfield>
      </datafield>
      <datafield tag="914" ind1=" " ind2=" ">
         <subfield code="f">Global ecology and conservation</subfield>
      </datafield>
      <datafield tag="916" ind1=" " ind2=" ">
         <subfield code="a">Batch:2110</subfield>
      </datafield>
      <datafield tag="917" ind1=" " ind2=" ">
         <subfield code="a">issued</subfield>
      </datafield>
      <datafield tag="918" ind1="2" ind2=" ">
         <subfield code="a">Elsevier Consyn</subfield>
         <subfield code="e">provider</subfield>
         <subfield code="5">DNAL</subfield>
      </datafield>
      <datafield tag="935" ind1=" " ind2=" ">
         <subfield code="a">IND606126156</subfield>
         <subfield code="9">ExL</subfield>
      </datafield>
      <datafield tag="949" ind1=" " ind2=" ">
         <subfield code="a">2018-12-13</subfield>
      </datafield>
      <datafield tag="953" ind1=" " ind2=" ">
         <subfield code="a">/data/metadata/incoming/consyn/22-2-00084-HEAD-ONLY.zip</subfield>
      </datafield>
      <datafield tag="954" ind1=" " ind2=" ">
         <subfield code="a">file:/data/metadata/staging/consyn/S2351989417301518.xml</subfield>
      </datafield>
      <datafield tag="955" ind1=" " ind2=" ">
         <subfield code="a">/data/metadata/staging/consyn/</subfield>
      </datafield>
      <datafield tag="962" ind1=" " ind2=" ">
         <subfield code="a">Batch:2110 reviewed on 2018-12-13T15:00:03Z</subfield>
      </datafield>
      <datafield tag="974" ind1=" " ind2=" ">
         <subfield code="a">agid:6126156</subfield>
      </datafield>
      <datafield tag="983" ind1=" " ind2=" ">
         <subfield code="a">2018-09-05</subfield>
      </datafield>
      <datafield tag="984" ind1=" " ind2=" ">
         <subfield code="a">2020-10-08</subfield>
      </datafield>
   </record>