
   <!--Record: 142-->
   <record>
      <leader>08553nab a2200949 u 4500</leader>
      <controlfield tag="001">9916045938007426</controlfield>
      <controlfield tag="005">20221120025051.0</controlfield>
      <controlfield tag="008">200410e20200115xx |||||o|||||||||||eng||</controlfield>
      <datafield tag="016" ind1="7" ind2=" ">
         <subfield code="a">IND606761672</subfield>
         <subfield code="2">DNAL</subfield>
      </datafield>
      <datafield tag="024" ind1="7" ind2=" ">
         <subfield code="a">10.1016/j.ecolmodel.2019.108870</subfield>
         <subfield code="2">doi</subfield>
      </datafield>
      <datafield tag="035" ind1=" " ind2=" ">
         <subfield code="a">agid:6761672-01nal_inst</subfield>
      </datafield>
      <datafield tag="040" ind1=" " ind2=" ">
         <subfield code="a">AGL</subfield>
         <subfield code="b">eng</subfield>
         <subfield code="c">AGL</subfield>
      </datafield>
      <datafield tag="100" ind1="1" ind2=" ">
         <subfield code="a">Ruiz-Benito, Paloma</subfield>
         <subfield code="e">author</subfield>
         <subfield code="u">Grupo de Ecología y Restauración Forestal, Departamento de Ciencias de la
        Vida, Universidad de Alcalá, Edificio de Ciencias, Campus Universitario, 28805 Alcalá de
        Henares (Madrid), Departamento de Biología y Geología, Física y Química Inorgánica, Escuela
        Superior de Ciencias Experimentales y Tecnología, Universidad Rey Juan Carlos, C/ Tulipán
        s/n, 28933, Móstoles (Madrid), Spain</subfield>
         <subfield code="1">https://orcid.org/0000-0002-2781-5870</subfield>
      </datafield>
      <datafield tag="245" ind1="1" ind2="0">
         <subfield code="a">Available and missing data to model impact of climate change on European
        forests</subfield>
      </datafield>
      <datafield tag="520" ind1=" " ind2=" ">
         <subfield code="a">Climate change is expected to cause major changes in forest ecosystems
        during the 21ˢᵗ century and beyond. To assess forest impacts from climate change, the
        existing empirical information must be structured, harmonised and assimilated into a form
        suitable to develop and test state-of-the-art forest and ecosystem models. The combination
        of empirical data collected at large spatial and long temporal scales with suitable
        modelling approaches is key to understand forest dynamics under climate change. To
        facilitate data and model integration, we identified major climate change impacts observed
        on European forest functioning and summarised the data available for monitoring and
        predicting such impacts. Our analysis of c. 120 forest-related databases (including
        information from remote sensing, vegetation inventories, dendroecology, palaeoecology,
        eddy-flux sites, common garden experiments and genetic techniques) and 50 databases of
        environmental drivers highlights a substantial degree of data availability and
        accessibility. However, some critical variables relevant to predicting European forest
        responses to climate change are only available at relatively short time frames (up to 10-20
        years), including intra-specific trait variability, defoliation patterns, tree mortality and
        recruitment. Moreover, we identified data gaps or lack of data integration particularly in
        variables related to local adaptation and phenotypic plasticity, dispersal capabilities and
        physiological responses. Overall, we conclude that forest data availability across Europe is
        improving, but further efforts are needed to integrate, harmonise and interpret this data
        (i.e. making data useable for non-experts). Continuation of existing monitoring and networks
        schemes together with the establishments of new networks to address data gaps is crucial to
        rigorously predict climate change impacts on European forests.</subfield>
      </datafield>
      <datafield tag="592" ind1=" " ind2=" ">
         <subfield code="a">Publisher supplied data</subfield>
      </datafield>
      <datafield tag="593" ind1=" " ind2=" ">
         <subfield code="a">PubAg article</subfield>
      </datafield>
      <datafield tag="650" ind1=" " ind2="3">
         <subfield code="a">climate change</subfield>
      </datafield>
      <datafield tag="650" ind1=" " ind2="3">
         <subfield code="a">data collection</subfield>
      </datafield>
      <datafield tag="650" ind1=" " ind2="3">
         <subfield code="a">databases</subfield>
      </datafield>
      <datafield tag="650" ind1=" " ind2="3">
         <subfield code="a">defoliation</subfield>
      </datafield>
      <datafield tag="650" ind1=" " ind2="3">
         <subfield code="a">dendroecology</subfield>
      </datafield>
      <datafield tag="650" ind1=" " ind2="3">
         <subfield code="a">eddy covariance</subfield>
      </datafield>
      <datafield tag="650" ind1=" " ind2="3">
         <subfield code="a">forest dynamics</subfield>
      </datafield>
      <datafield tag="650" ind1=" " ind2="3">
         <subfield code="a">forest ecosystems</subfield>
      </datafield>
      <datafield tag="650" ind1=" " ind2="3">
         <subfield code="a">forests</subfield>
      </datafield>
      <datafield tag="650" ind1=" " ind2="3">
         <subfield code="a">genetic techniques and protocols</subfield>
      </datafield>
      <datafield tag="650" ind1=" " ind2="3">
         <subfield code="a">inventories</subfield>
      </datafield>
      <datafield tag="650" ind1=" " ind2="3">
         <subfield code="a">models</subfield>
      </datafield>
      <datafield tag="650" ind1=" " ind2="3">
         <subfield code="a">monitoring</subfield>
      </datafield>
      <datafield tag="650" ind1=" " ind2="3">
         <subfield code="a">paleoecology</subfield>
      </datafield>
      <datafield tag="650" ind1=" " ind2="3">
         <subfield code="a">phenotypic plasticity</subfield>
      </datafield>
      <datafield tag="650" ind1=" " ind2="3">
         <subfield code="a">physiological response</subfield>
      </datafield>
      <datafield tag="650" ind1=" " ind2="3">
         <subfield code="a">prediction</subfield>
      </datafield>
      <datafield tag="650" ind1=" " ind2="3">
         <subfield code="a">remote sensing</subfield>
      </datafield>
      <datafield tag="650" ind1=" " ind2="3">
         <subfield code="a">tree mortality</subfield>
      </datafield>
      <datafield tag="651" ind1=" " ind2="3">
         <subfield code="a">Europe</subfield>
      </datafield>
      <datafield tag="653" ind1=" " ind2="0">
         <subfield code="a">climatic extremes</subfield>
      </datafield>
      <datafield tag="653" ind1=" " ind2="0">
         <subfield code="a">data accessibility</subfield>
      </datafield>
      <datafield tag="653" ind1=" " ind2="0">
         <subfield code="a">data integration</subfield>
      </datafield>
      <datafield tag="653" ind1=" " ind2="0">
         <subfield code="a">drivers</subfield>
      </datafield>
      <datafield tag="653" ind1=" " ind2="0">
         <subfield code="a">forest responses to climate change</subfield>
      </datafield>
      <datafield tag="653" ind1=" " ind2="0">
         <subfield code="a">harmonisation</subfield>
      </datafield>
      <datafield tag="653" ind1=" " ind2="0">
         <subfield code="a">open access</subfield>
      </datafield>
      <datafield tag="700" ind1="1" ind2=" ">
         <subfield code="a">Vacchiano, Giorgio</subfield>
         <subfield code="e">author</subfield>
         <subfield code="u">Department of Agricultural and Environmental Sciences (DISAA), University
        of Milan, Via Celoria 2, 23100 Milan, Italy</subfield>
         <subfield code="1">https://orcid.org/0000-0001-8100-0659</subfield>
      </datafield>
      <datafield tag="700" ind1="1" ind2=" ">
         <subfield code="a">Lines, Emily R.</subfield>
         <subfield code="e">author</subfield>
         <subfield code="u">School of Geography, Queen Mary University of London, London, United
        Kingdom</subfield>
      </datafield>
      <datafield tag="700" ind1="1" ind2=" ">
         <subfield code="a">Reyer, Christopher P.O.</subfield>
         <subfield code="e">author</subfield>
         <subfield code="u">Potsdam Institute for Climate Impact Research (PIK), Member of the Leibniz
        Association, P.O. Box 601203, D-14412 Potsdam, Germany</subfield>
         <subfield code="1">https://orcid.org/0000-0003-1067-1492</subfield>
      </datafield>
      <datafield tag="700" ind1="1" ind2=" ">
         <subfield code="a">Ratcliffe, Sophia</subfield>
         <subfield code="e">author</subfield>
         <subfield code="u">Department of Systematic Botany and Functional Biodiversity, Institute of
        Biology, University of Leipzig, Johannisallee 21-23, 04103 Leipzig, Germany; National
        Biodiversity Network (NBN) Trust, Unit F, 14-18 St. Mary’s Gate, Lace Market, Nottingham
        NG11PF, United Kingdom</subfield>
      </datafield>
      <datafield tag="700" ind1="1" ind2=" ">
         <subfield code="a">Morin, Xavier</subfield>
         <subfield code="e">author</subfield>
         <subfield code="u">CEFE UMR 5175 (CNRS, Université de Montpellier, Université Paul-Valéry
        Montpellier, EPHE), 1919 Route de Mende, F-34293 Montpellier Cedex 5, France</subfield>
      </datafield>
      <datafield tag="700" ind1="1" ind2=" ">
         <subfield code="a">Hartig, Florian</subfield>
         <subfield code="e">author</subfield>
         <subfield code="u">Theoretical Ecology, University of Regensburg, Universitätsstraße 31, 93053
        Regensburg, Germany</subfield>
         <subfield code="1">https://orcid.org/0000-0002-6255-9059</subfield>
      </datafield>
      <datafield tag="700" ind1="1" ind2=" ">
         <subfield code="a">Mäkelä, Annikki</subfield>
         <subfield code="e">author</subfield>
         <subfield code="u">Department of Forest Sciences, University of Helsinki, Helsinki,
        Finland</subfield>
         <subfield code="1">https://orcid.org/0000-0001-9633-7350</subfield>
      </datafield>
      <datafield tag="700" ind1="1" ind2=" ">
         <subfield code="a">Yousefpour, Rasoul</subfield>
         <subfield code="e">author</subfield>
         <subfield code="u">Chair of Forestry Economics and Forest Planning, Faculty of Environment and
        Natural Resources, University of Freiburg, Tennenbacherstr. 4, D-79106, Freiburg,
        Germany</subfield>
         <subfield code="1">https://orcid.org/0000-0003-3604-8279</subfield>
      </datafield>
      <datafield tag="700" ind1="1" ind2=" ">
         <subfield code="a">Chaves, Jimena E.</subfield>
         <subfield code="e">author</subfield>
         <subfield code="u">Facultad de Ciencias Exactas y Naturales, Universidad Nacional de Cuyo,
        Mendoza, Argentina</subfield>
      </datafield>
      <datafield tag="700" ind1="1" ind2=" ">
         <subfield code="a">Palacios-Orueta, Alicia</subfield>
         <subfield code="e">author</subfield>
         <subfield code="u">Departamento de Sistemas y Recursos Naturales, E.T.S.I.M., Universidad
        Politécnica de Madrid, Spain; Research Center for the Management of Environmental and
        Agricultural Risks (CEIGRAM), Universidad Politécnica de Madrid, Spain</subfield>
      </datafield>
      <datafield tag="700" ind1="1" ind2=" ">
         <subfield code="a">Benito-Garzón, Marta</subfield>
         <subfield code="e">author</subfield>
         <subfield code="u">UMR 1202 Biodiversité Gènes Ecosystémes (BioGeCo), Université de Bordeaux,
        33170 Talence, France</subfield>
         <subfield code="1">https://orcid.org/0000-0002-3436-123X</subfield>
      </datafield>
      <datafield tag="700" ind1="1" ind2=" ">
         <subfield code="a">Morales-Molino, Cesar</subfield>
         <subfield code="e">author</subfield>
         <subfield code="u">UMR CNRS 5805 EPOC Université de Bordeaux and EPHE Department of
        Palaeoclimatology and Marine Palaeoenvironments PSL Research University, Pessac, France.
        Institute of Plant Sciences and Oeschger Centre for Climate Change Research, University of
        Bern, Bern, Switzerland</subfield>
         <subfield code="1">https://orcid.org/0000-0002-9464-862X</subfield>
      </datafield>
      <datafield tag="700" ind1="1" ind2=" ">
         <subfield code="a">Camarero, J. Julio</subfield>
         <subfield code="e">author</subfield>
         <subfield code="u">Instituto Pirenaico de Ecología (IPE-CSIC), Avda. Montañana 1005, 50192
        Zaragoza, Spain</subfield>
      </datafield>
      <datafield tag="700" ind1="1" ind2=" ">
         <subfield code="a">Jump, Alistair S.</subfield>
         <subfield code="e">author</subfield>
         <subfield code="u">Biological and Environmental Sciences, Faculty of Natural Sciences,
        University of Stirling, FK9 4LA Stirling; and CREAF, Campus de Bellaterra (UAB) Edifici C,
        08193 Cerdanyola del Vallès, Spain</subfield>
      </datafield>
      <datafield tag="700" ind1="1" ind2=" ">
         <subfield code="a">Kattge, Jens</subfield>
         <subfield code="e">author</subfield>
         <subfield code="u">Max Planck Institute for Biogeochemistry, Hans-Knöll-Straße 10, 07745 Jena
        and German Centre for Integrative Biodiversity Research (iDiv) Halle-Jena-Leipzig, Deutscher
        Platz 5E, 04103 Leipzig, Germany</subfield>
      </datafield>
      <datafield tag="700" ind1="1" ind2=" ">
         <subfield code="a">Lehtonen, Aleksi</subfield>
         <subfield code="e">author</subfield>
         <subfield code="u">Natural Resources Institute Finland (Luke), Latokartanonkaari 9, 00710
        Helsinki, Finland</subfield>
      </datafield>
      <datafield tag="700" ind1="1" ind2=" ">
         <subfield code="a">Ibrom, Andreas</subfield>
         <subfield code="e">author</subfield>
         <subfield code="u">Dept. of Environmental Engineering, Technical University of Denmark (DTU),
        2800 Kgs. Lyngby, Denmark</subfield>
      </datafield>
      <datafield tag="700" ind1="1" ind2=" ">
         <subfield code="a">Owen, Harry J.F.</subfield>
         <subfield code="e">author</subfield>
         <subfield code="u">School of Geography, Queen Mary University of London, London, United
        Kingdom</subfield>
      </datafield>
      <datafield tag="700" ind1="1" ind2=" ">
         <subfield code="a">Zavala, Miguel A.</subfield>
         <subfield code="e">author</subfield>
         <subfield code="u">Grupo de Ecología y Restauración Forestal, Departamento de Ciencias de la
        Vida, Universidad de Alcalá, Edificio de Ciencias, Campus Universitario, 28805 Alcalá de
        Henares (Madrid), Instituto Franklin, Universidad de Alcalá, Calle Trinidad 1, 28801 Alcalá
        de Henares, Madrid, Spain</subfield>
      </datafield>
      <datafield tag="773" ind1="0" ind2=" ">
         <subfield code="t">Ecological modelling.</subfield>
         <subfield code="g">2020 Jan. 15, v. 416 p.108870-</subfield>
         <subfield code="d">Elsevier B.V.</subfield>
         <subfield code="w">Journal:jnl6191</subfield>
         <subfield code="x">0304-3800</subfield>
         <subfield code="7">nnas</subfield>
      </datafield>
      <datafield tag="787" ind1="1" ind2=" ">
         <subfield code="o">islandora_article_repository</subfield>
      </datafield>
      <datafield tag="787" ind1="1" ind2=" ">
         <subfield code="o">product_pubag</subfield>
      </datafield>
      <datafield tag="787" ind1="1" ind2=" ">
         <subfield code="o">(Journal)jnl6191</subfield>
      </datafield>
      <datafield tag="856" ind1="4" ind2="0">
         <subfield code="u">https://dx.doi.org/10.1016/j.ecolmodel.2019.108870</subfield>
         <subfield code="3">Available from publisher's site</subfield>
      </datafield>
      <datafield tag="912" ind1=" " ind2=" ">
         <subfield code="a">Article</subfield>
      </datafield>
      <datafield tag="914" ind1=" " ind2=" ">
         <subfield code="a">Journal:jnl6191</subfield>
         <subfield code="b">0304-3800</subfield>
      </datafield>
      <datafield tag="914" ind1=" " ind2=" ">
         <subfield code="f">Ecological modelling</subfield>
      </datafield>
      <datafield tag="916" ind1=" " ind2=" ">
         <subfield code="a">Batch:2402</subfield>
      </datafield>
      <datafield tag="917" ind1=" " ind2=" ">
         <subfield code="a">issued</subfield>
      </datafield>
      <datafield tag="918" ind1="2" ind2=" ">
         <subfield code="a">Elsevier Consyn</subfield>
         <subfield code="e">provider</subfield>
         <subfield code="5">DNAL</subfield>
      </datafield>
      <datafield tag="935" ind1=" " ind2=" ">
         <subfield code="a">IND606761672</subfield>
         <subfield code="9">ExL</subfield>
      </datafield>
      <datafield tag="949" ind1=" " ind2=" ">
         <subfield code="a">2020-02-10</subfield>
      </datafield>
      <datafield tag="953" ind1=" " ind2=" ">
         <subfield code="a">/data/metadata/incoming/consyn/862865852675964194-00001-HEAD-ONLY-REVISEDSUBJECTLIST.zip</subfield>
      </datafield>
      <datafield tag="954" ind1=" " ind2=" ">
         <subfield code="a">file:/data/metadata/staging/consyn/S0304380019303783.xml</subfield>
      </datafield>
      <datafield tag="955" ind1=" " ind2=" ">
         <subfield code="a">/data/metadata/staging/consyn/</subfield>
      </datafield>
      <datafield tag="974" ind1=" " ind2=" ">
         <subfield code="a">agid:6761672</subfield>
      </datafield>
      <datafield tag="983" ind1=" " ind2=" ">
         <subfield code="a">2020-04-10</subfield>
      </datafield>
      <datafield tag="984" ind1=" " ind2=" ">
         <subfield code="a">2020-04-10</subfield>
      </datafield>
   </record>