
   <!--Record: 143-->
   <record>
      <leader>03413nab a2200421 u 4500</leader>
      <controlfield tag="001">9916046061707426</controlfield>
      <controlfield tag="005">20221121001424.0</controlfield>
      <controlfield tag="008">151127e200409 xx |||||o|||||||||||eng||</controlfield>
      <datafield tag="016" ind1="7" ind2=" ">
         <subfield code="a">IND601312133</subfield>
         <subfield code="2">DNAL</subfield>
      </datafield>
      <datafield tag="024" ind1="7" ind2=" ">
         <subfield code="a">10.1672/0277-5212(2004)024[0550:COWSDI]2.0.CO;2</subfield>
         <subfield code="2">doi</subfield>
      </datafield>
      <datafield tag="035" ind1=" " ind2=" ">
         <subfield code="a">agid:1312133-01nal_inst</subfield>
      </datafield>
      <datafield tag="040" ind1=" " ind2=" ">
         <subfield code="a">AGL</subfield>
         <subfield code="b">eng</subfield>
         <subfield code="c">AGL</subfield>
      </datafield>
      <datafield tag="100" ind1="1" ind2=" ">
         <subfield code="a">Baker, Matthew E.</subfield>
         <subfield code="e">author</subfield>
         <subfield code="u">School of Natural Resources and Environment, University of Michigan, 430
        East University Ann Arbor, Michigan, USA 48109-1115</subfield>
      </datafield>
      <datafield tag="245" ind1="1" ind2="0">
         <subfield code="a">Characterization of woody species distribution in riparian forests of lower
        michigan, usa using map-based models</subfield>
      </datafield>
      <datafield tag="300" ind1=" " ind2=" ">
         <subfield code="a">p. 550-561.</subfield>
      </datafield>
      <datafield tag="520" ind1=" " ind2=" ">
         <subfield code="a">The goal of this study was to identify and characterize the range of
        variation in riparian forests across Lower Michigan, USA as a basis for assessing the
        utility of map-based information in the characterization of riparian environments. We
        obtained a regional sample of riparian forests and valley-bottom physiography from 94
        locations throughout Lower Michigan and distinguished seven major riparian forest types
        using hierarchical clustering and NMDS ordination. NMDS ordination distances accounted for
        more than 70%% of the distances in species space and achieved excellent discrimination among
        riparian types. We then evaluated a set of map-based variables indicative of regional
        climate, catchment hydrology, and valley character relative to ordination axes and
        interpretations of the autecology of principal tree species from each forest group.
        Map-based predictors accounted for 83%% of the variation in sample scores along NMDS Axis 1
        and explained 42%% of the variation in Axis 2. Species and riparian types varied along two
        principal gradients, one associated with climate and geology along a north-south gradient,
        the second associated with flood duration and power. Map-based interpretations of regional
        climate and hydroperiod dynamics agreed closely with species-based interpretations of
        riparian character, although in certain cases, a similar biotic response arose from
        apparently distinct hydrogeomorphic contexts. Such dynamic patterns underscore the need for
        better and more explicit linkages between the controls of riparian hydrology and more
        proximal physical cues on biotic communities in order to understand the drivers of spatial
        variation in riparian ecosystem structure and composition.</subfield>
      </datafield>
      <datafield tag="592" ind1=" " ind2=" ">
         <subfield code="a">Publisher supplied data</subfield>
      </datafield>
      <datafield tag="653" ind1=" " ind2="0">
         <subfield code="a">riparian areas</subfield>
      </datafield>
      <datafield tag="653" ind1=" " ind2="0">
         <subfield code="a">GIS</subfield>
      </datafield>
      <datafield tag="653" ind1=" " ind2="0">
         <subfield code="a">modeling</subfield>
      </datafield>
      <datafield tag="653" ind1=" " ind2="0">
         <subfield code="a">wetland vegetation</subfield>
      </datafield>
      <datafield tag="700" ind1="1" ind2=" ">
         <subfield code="a">Wiley, Michael J.</subfield>
         <subfield code="e">author</subfield>
         <subfield code="u">School of Natural Resources and Environment, University of Michigan, 430
        East University Ann Arbor, Michigan, USA 48109-1115</subfield>
      </datafield>
      <datafield tag="773" ind1="0" ind2=" ">
         <subfield code="t">Wetlands.</subfield>
         <subfield code="g">2004 Sept., v. 24, no. 3 p.550-561</subfield>
         <subfield code="d">Society of Wetlands Scientists</subfield>
         <subfield code="x">0277-5212</subfield>
         <subfield code="7">nnas</subfield>
      </datafield>
      <datafield tag="787" ind1="1" ind2=" ">
         <subfield code="o">islandora_article_repository</subfield>
      </datafield>
      <datafield tag="787" ind1="1" ind2=" ">
         <subfield code="o">(Journal)jnl57834</subfield>
      </datafield>
      <datafield tag="856" ind1="4" ind2="0">
         <subfield code="u">http://dx.doi.org/10.1672%2F0277-5212%282004%29024%5B0550%3ACOWSDI%5D2.0.CO%3B2</subfield>
         <subfield code="3">Available from publisher's site</subfield>
      </datafield>
      <datafield tag="912" ind1=" " ind2=" ">
         <subfield code="a">Article</subfield>
      </datafield>
      <datafield tag="914" ind1=" " ind2=" ">
         <subfield code="a">Journal:jnl57834</subfield>
         <subfield code="b">0277-5212</subfield>
         <subfield code="c">24</subfield>
         <subfield code="d">3</subfield>
         <subfield code="e">550</subfield>
      </datafield>
      <datafield tag="914" ind1=" " ind2=" ">
         <subfield code="f">Wetlands</subfield>
      </datafield>
      <datafield tag="917" ind1=" " ind2=" ">
         <subfield code="a">hold</subfield>
      </datafield>
      <datafield tag="918" ind1="2" ind2=" ">
         <subfield code="a">BioOne</subfield>
         <subfield code="e">provider</subfield>
         <subfield code="5">DNAL</subfield>
      </datafield>
      <datafield tag="935" ind1=" " ind2=" ">
         <subfield code="a">IND601312133</subfield>
         <subfield code="9">ExL</subfield>
      </datafield>
      <datafield tag="949" ind1=" " ind2=" ">
         <subfield code="a">2016-03-25</subfield>
      </datafield>
      <datafield tag="953" ind1=" " ind2=" ">
         <subfield code="a">WETLv24i3-04290116-175289.zip</subfield>
      </datafield>
      <datafield tag="962" ind1=" " ind2=" ">
         <subfield code="a">Original article title in upper case</subfield>
      </datafield>
      <datafield tag="974" ind1=" " ind2=" ">
         <subfield code="a">agid:1312133</subfield>
      </datafield>
      <datafield tag="983" ind1=" " ind2=" ">
         <subfield code="a">2015-11-27</subfield>
      </datafield>
      <datafield tag="984" ind1=" " ind2=" ">
         <subfield code="a">2015-11-27</subfield>
      </datafield>
   </record>