
   <!--Record: 144-->
   <record>
      <leader>03413nab a2200421 u 4500</leader>
      <controlfield tag="001">9916046163907426</controlfield>
      <controlfield tag="005">20221121222330.0</controlfield>
      <controlfield tag="008">151127e200506 xx |||||o|||||||||||eng||</controlfield>
      <datafield tag="016" ind1="7" ind2=" ">
         <subfield code="a">IND601312187</subfield>
         <subfield code="2">DNAL</subfield>
      </datafield>
      <datafield tag="024" ind1="7" ind2=" ">
         <subfield code="a">10.1672/1</subfield>
         <subfield code="2">doi</subfield>
      </datafield>
      <datafield tag="035" ind1=" " ind2=" ">
         <subfield code="a">agid:1312187-01nal_inst</subfield>
      </datafield>
      <datafield tag="040" ind1=" " ind2=" ">
         <subfield code="a">AGL</subfield>
         <subfield code="b">eng</subfield>
         <subfield code="c">AGL</subfield>
      </datafield>
      <datafield tag="100" ind1="1" ind2=" ">
         <subfield code="a">Owen Koning, Catherine</subfield>
         <subfield code="e">author</subfield>
         <subfield code="u">Division of Natural Sciences, Franklin Pierce College, 20 College Rd.,
        Rindge, New Hampshire, USA 03458</subfield>
      </datafield>
      <datafield tag="245" ind1="1" ind2="0">
         <subfield code="a">Vegetation patterns resulting from spatial and temporal variability in
        hydrology, soils, and trampling in an isolated basin marsh, new hampshire, usa</subfield>
      </datafield>
      <datafield tag="300" ind1=" " ind2=" ">
         <subfield code="a">p. 239-251.</subfield>
      </datafield>
      <datafield tag="520" ind1=" " ind2=" ">
         <subfield code="a">This study investigated the role of hydrology, soils, and trampling in
        determining the distribution of vegetation in an isolated wetland from 1996 to 1999. Grassy
        Pond, in Litchfield, New Hampshire, is a seasonally flooded basin marsh situated in sandy
        soils. It is a depressional wetland consisting of three connected basins; it has no
        surface-water inlets or outlets. This acidic, low-nutrient wetland contains several rare
        species and represents an uncommon ecosystem type in New England. A network of wells and
        piezometers monitored from 1996 to1999 established that the wetland receives an average of
        95.4%% of its growing season inputs from precipitation and the rest from shallow ground
        water flowing through the wetland; as a result, it experiences large fluctuations in water
        levels. Vegetation in the wetland fell into five major elevation zones. Variation in plant
        diversity within each zone, and differences between adjacent zones, result in part from
        differences in depth of organic layer, trampling by hikers, all-terrain vehicles, and native
        wildlife, and the extent of water-level fluctuations. Several of the low basin species are
        more likely to be found in trampled areas. Shrub invasion of the open basin areas is
        prevented by trampling in some areas and by high water levels in others. Variability in
        hydrology resulted in temporal, as well as spatial, variability in the plant community, as
        dry years yielded significantly greater diversity, including a large increase in tree
        seedlings. Both hydrologic variability and trampling are external factors that explain a
        significant portion of the variation in vegetation on a large scale and connect this
        geographically isolated wetland to the surrounding landscape. On a smaller scale, however,
        autogenic forces related to soil formation and plant species interactions may be more
        important in explaining the plant diversity in the wetland.</subfield>
      </datafield>
      <datafield tag="592" ind1=" " ind2=" ">
         <subfield code="a">Publisher supplied data</subfield>
      </datafield>
      <datafield tag="653" ind1=" " ind2="0">
         <subfield code="a">isolated wetlands</subfield>
      </datafield>
      <datafield tag="653" ind1=" " ind2="0">
         <subfield code="a">disturbance</subfield>
      </datafield>
      <datafield tag="653" ind1=" " ind2="0">
         <subfield code="a">plant diversity</subfield>
      </datafield>
      <datafield tag="653" ind1=" " ind2="0">
         <subfield code="a">hydrology</subfield>
      </datafield>
      <datafield tag="653" ind1=" " ind2="0">
         <subfield code="a">external effects</subfield>
      </datafield>
      <datafield tag="773" ind1="0" ind2=" ">
         <subfield code="t">Wetlands.</subfield>
         <subfield code="g">2005 June, v. 25, no. 2 p.239-251</subfield>
         <subfield code="d">Society of Wetlands Scientists</subfield>
         <subfield code="x">0277-5212</subfield>
         <subfield code="7">nnas</subfield>
      </datafield>
      <datafield tag="787" ind1="1" ind2=" ">
         <subfield code="o">islandora_article_repository</subfield>
      </datafield>
      <datafield tag="787" ind1="1" ind2=" ">
         <subfield code="o">(Journal)jnl57834</subfield>
      </datafield>
      <datafield tag="856" ind1="4" ind2="0">
         <subfield code="u">http://dx.doi.org/10.1672%2F1</subfield>
         <subfield code="3">Available from publisher's site</subfield>
      </datafield>
      <datafield tag="912" ind1=" " ind2=" ">
         <subfield code="a">Article</subfield>
      </datafield>
      <datafield tag="914" ind1=" " ind2=" ">
         <subfield code="a">Journal:jnl57834</subfield>
         <subfield code="b">0277-5212</subfield>
         <subfield code="c">25</subfield>
         <subfield code="d">2</subfield>
         <subfield code="e">239</subfield>
      </datafield>
      <datafield tag="914" ind1=" " ind2=" ">
         <subfield code="f">Wetlands</subfield>
      </datafield>
      <datafield tag="917" ind1=" " ind2=" ">
         <subfield code="a">hold</subfield>
      </datafield>
      <datafield tag="918" ind1="2" ind2=" ">
         <subfield code="a">BioOne</subfield>
         <subfield code="e">provider</subfield>
         <subfield code="5">DNAL</subfield>
      </datafield>
      <datafield tag="935" ind1=" " ind2=" ">
         <subfield code="a">IND601312187</subfield>
         <subfield code="9">ExL</subfield>
      </datafield>
      <datafield tag="949" ind1=" " ind2=" ">
         <subfield code="a">2016-03-25</subfield>
      </datafield>
      <datafield tag="953" ind1=" " ind2=" ">
         <subfield code="a">WETLv25i2-04290116-175292.zip</subfield>
      </datafield>
      <datafield tag="962" ind1=" " ind2=" ">
         <subfield code="a">Original article title in upper case</subfield>
      </datafield>
      <datafield tag="974" ind1=" " ind2=" ">
         <subfield code="a">agid:1312187</subfield>
      </datafield>
      <datafield tag="983" ind1=" " ind2=" ">
         <subfield code="a">2015-11-27</subfield>
      </datafield>
      <datafield tag="984" ind1=" " ind2=" ">
         <subfield code="a">2015-11-27</subfield>
      </datafield>
   </record>