
   <!--Record: 145-->
   <record>
      <leader>04963nab a2200721 u 4500</leader>
      <controlfield tag="001">9916046234507426</controlfield>
      <controlfield tag="005">20221122082313.0</controlfield>
      <controlfield tag="008">170719e20170201xx |||||o|||||||||||eng||</controlfield>
      <datafield tag="016" ind1="7" ind2=" ">
         <subfield code="a">IND605603068</subfield>
         <subfield code="2">DNAL</subfield>
      </datafield>
      <datafield tag="024" ind1="7" ind2=" ">
         <subfield code="a">10.1016/j.scitotenv.2016.12.073</subfield>
         <subfield code="2">doi</subfield>
      </datafield>
      <datafield tag="035" ind1=" " ind2=" ">
         <subfield code="a">agid:5603068-01nal_inst</subfield>
      </datafield>
      <datafield tag="040" ind1=" " ind2=" ">
         <subfield code="a">AGL</subfield>
         <subfield code="b">eng</subfield>
         <subfield code="c">AGL</subfield>
      </datafield>
      <datafield tag="100" ind1="1" ind2=" ">
         <subfield code="a">Tichavský, Radek</subfield>
         <subfield code="e">author</subfield>
         <subfield code="u">Department of Physical Geography and Geoecology, Faculty of Science,
        University of Ostrava, Chittussiho 10, 710 00 Ostrava, Czech Republic</subfield>
      </datafield>
      <datafield tag="245" ind1="1" ind2="0">
         <subfield code="a">Tree ring-based chronology of hydro-geomorphic processes as a fundament for
        identification of hydro-meteorological triggers in the Hrubý Jeseník Mountains (Central
        Europe)</subfield>
      </datafield>
      <datafield tag="300" ind1=" " ind2=" ">
         <subfield code="a">p. 1904-1917.</subfield>
      </datafield>
      <datafield tag="520" ind1=" " ind2=" ">
         <subfield code="a">Hydro-geomorphic processes have significantly influenced the recent
        development of valley floors, river banks and depositional forms in mountain environments,
        have caused considerable damage to manmade developments and have disrupted forest
        management. Trees growing along streams are affected by the transported debris mass and
        provide valuable records of debris flow/flood histories in their tree-ring series.
        Dendrogeomorphic approaches are currently the most accurate methods for creating a
        chronology of the debris flow/flood events in forested catchments without any
        field-monitoring or a stream-gauging station. Comprehensive studies focusing on the detailed
        chronology of hydro-geomorphic events and analysis of meteorological triggers and weather
        circulation patterns are still lacking for the studied area. We provide a spatio-temporal
        reconstruction of hydro-geomorphic events in four catchments of the Hrubý Jeseník Mountains,
        Czech Republic, with an analysis of their triggering factors using meteorological data from
        four nearby rain gauges.Increment cores from 794 coniferous trees (Picea abies [L.] Karst.)
        allowed the identification of 40 hydro-geomorphic events during the period of 1889–2013.
        Most of the events can be explained by extreme daily rainfalls (≥50mm) occurring in at least
        one rain gauge. However, in several cases, there was no record of extreme precipitation at
        rain gauges during the debris flow/flood event year, suggesting extremely localised
        rainstorms at the mountain summits. We concluded that the localisation, intensity and
        duration of rainstorms; antecedent moisture conditions; and amount of available sediments
        all influenced the initiation, spatial distribution and characteristics of hydro-geomorphic
        events. The most frequent synoptic situations responsible for the extreme rainfalls
        (1946–2015) were related to the meridional atmospheric circulation pattern. Our results
        enhance current knowledge of the occurrences and triggers of debris flows/floods in the
        Central European mountains in transition between temperate oceanic and continental climatic
        conditions and may prompt further research of these phenomena in the Eastern Sudetes in
        general.</subfield>
      </datafield>
      <datafield tag="592" ind1=" " ind2=" ">
         <subfield code="a">Publisher supplied data</subfield>
      </datafield>
      <datafield tag="593" ind1=" " ind2=" ">
         <subfield code="a">PubAg article</subfield>
      </datafield>
      <datafield tag="650" ind1=" " ind2="3">
         <subfield code="a">Picea abies</subfield>
      </datafield>
      <datafield tag="650" ind1=" " ind2="3">
         <subfield code="a">antecedent moisture</subfield>
      </datafield>
      <datafield tag="650" ind1=" " ind2="3">
         <subfield code="a">atmospheric circulation</subfield>
      </datafield>
      <datafield tag="650" ind1=" " ind2="3">
         <subfield code="a">climatic factors</subfield>
      </datafield>
      <datafield tag="650" ind1=" " ind2="3">
         <subfield code="a">conifers</subfield>
      </datafield>
      <datafield tag="650" ind1=" " ind2="3">
         <subfield code="a">floods</subfield>
      </datafield>
      <datafield tag="650" ind1=" " ind2="3">
         <subfield code="a">forest management</subfield>
      </datafield>
      <datafield tag="650" ind1=" " ind2="3">
         <subfield code="a">forested watersheds</subfield>
      </datafield>
      <datafield tag="650" ind1=" " ind2="3">
         <subfield code="a">growth rings</subfield>
      </datafield>
      <datafield tag="650" ind1=" " ind2="3">
         <subfield code="a">hydrometeorology</subfield>
      </datafield>
      <datafield tag="650" ind1=" " ind2="3">
         <subfield code="a">mass movement</subfield>
      </datafield>
      <datafield tag="650" ind1=" " ind2="3">
         <subfield code="a">meteorological data</subfield>
      </datafield>
      <datafield tag="650" ind1=" " ind2="3">
         <subfield code="a">mountains</subfield>
      </datafield>
      <datafield tag="650" ind1=" " ind2="3">
         <subfield code="a">rain</subfield>
      </datafield>
      <datafield tag="650" ind1=" " ind2="3">
         <subfield code="a">rain gauges</subfield>
      </datafield>
      <datafield tag="650" ind1=" " ind2="3">
         <subfield code="a">sediments</subfield>
      </datafield>
      <datafield tag="650" ind1=" " ind2="3">
         <subfield code="a">streams</subfield>
      </datafield>
      <datafield tag="650" ind1=" " ind2="3">
         <subfield code="a">trees</subfield>
      </datafield>
      <datafield tag="651" ind1=" " ind2="3">
         <subfield code="a">Central European region</subfield>
      </datafield>
      <datafield tag="651" ind1=" " ind2="3">
         <subfield code="a">Czech Republic</subfield>
      </datafield>
      <datafield tag="653" ind1=" " ind2="0">
         <subfield code="a">Dendrogeomorphology</subfield>
      </datafield>
      <datafield tag="653" ind1=" " ind2="0">
         <subfield code="a">Hydro-geomorphic processes</subfield>
      </datafield>
      <datafield tag="653" ind1=" " ind2="0">
         <subfield code="a">Debris flows</subfield>
      </datafield>
      <datafield tag="653" ind1=" " ind2="0">
         <subfield code="a">Hydro-meteorological triggers</subfield>
      </datafield>
      <datafield tag="653" ind1=" " ind2="0">
         <subfield code="a">Hrubý Jeseník Mountains</subfield>
      </datafield>
      <datafield tag="653" ind1=" " ind2="0">
         <subfield code="a">Central Europe</subfield>
      </datafield>
      <datafield tag="700" ind1="1" ind2=" ">
         <subfield code="a">Šilhán, Karel</subfield>
         <subfield code="e">author</subfield>
         <subfield code="u">Department of Physical Geography and Geoecology, Faculty of Science,
        University of Ostrava, Chittussiho 10, 710 00 Ostrava, Czech Republic</subfield>
      </datafield>
      <datafield tag="700" ind1="1" ind2=" ">
         <subfield code="a">Tolasz, Radim</subfield>
         <subfield code="e">author</subfield>
         <subfield code="u">Climate Change Department, Czech Hydrometeorological Institute, Na Šabatce
        17, 143 06 Praha, 4 - Komořany, Czech Republic</subfield>
      </datafield>
      <datafield tag="773" ind1="0" ind2=" ">
         <subfield code="t">Science of the total environment.</subfield>
         <subfield code="g">2017 Feb. 01, v. 579 p.1904-1917</subfield>
         <subfield code="d">Elsevier B.V.</subfield>
         <subfield code="x">0048-9697</subfield>
         <subfield code="7">nnas</subfield>
      </datafield>
      <datafield tag="787" ind1="1" ind2=" ">
         <subfield code="o">islandora_article_repository</subfield>
      </datafield>
      <datafield tag="787" ind1="1" ind2=" ">
         <subfield code="o">product_pubag</subfield>
      </datafield>
      <datafield tag="787" ind1="1" ind2=" ">
         <subfield code="o">(Journal)jnl4455</subfield>
      </datafield>
      <datafield tag="856" ind1="4" ind2="0">
         <subfield code="u">http://dx.doi.org/10.1016/j.scitotenv.2016.12.073</subfield>
         <subfield code="3">Available from publisher's site</subfield>
      </datafield>
      <datafield tag="912" ind1=" " ind2=" ">
         <subfield code="a">Article</subfield>
      </datafield>
      <datafield tag="914" ind1=" " ind2=" ">
         <subfield code="a">Journal:jnl4455</subfield>
         <subfield code="b">0048-9697</subfield>
         <subfield code="c">579</subfield>
         <subfield code="e">1904</subfield>
      </datafield>
      <datafield tag="914" ind1=" " ind2=" ">
         <subfield code="f">Science of the total environment</subfield>
      </datafield>
      <datafield tag="916" ind1=" " ind2=" ">
         <subfield code="a">Batch:1554</subfield>
      </datafield>
      <datafield tag="917" ind1=" " ind2=" ">
         <subfield code="a">issued</subfield>
      </datafield>
      <datafield tag="918" ind1="2" ind2=" ">
         <subfield code="a">Elsevier Consyn</subfield>
         <subfield code="e">provider</subfield>
         <subfield code="5">DNAL</subfield>
      </datafield>
      <datafield tag="935" ind1=" " ind2=" ">
         <subfield code="a">IND605603068</subfield>
         <subfield code="9">ExL</subfield>
      </datafield>
      <datafield tag="949" ind1=" " ind2=" ">
         <subfield code="a">2017-03-16</subfield>
      </datafield>
      <datafield tag="953" ind1=" " ind2=" ">
         <subfield code="a">35071-00003-HEAD-ONLY-NALCOLLECTIONDEVELOPMENT.zip</subfield>
      </datafield>
      <datafield tag="974" ind1=" " ind2=" ">
         <subfield code="a">agid:5603068</subfield>
      </datafield>
      <datafield tag="983" ind1=" " ind2=" ">
         <subfield code="a">2017-07-19</subfield>
      </datafield>
      <datafield tag="984" ind1=" " ind2=" ">
         <subfield code="a">2017-07-19</subfield>
      </datafield>
   </record>