
   <!--Record: 147-->
   <record>
      <leader>04488nab a2200685 u 4500</leader>
      <controlfield tag="001">9916046688007426</controlfield>
      <controlfield tag="005">20221122203731.0</controlfield>
      <controlfield tag="008">200509e20160601xx |||||o|||||||||||eng||</controlfield>
      <datafield tag="016" ind1="7" ind2=" ">
         <subfield code="a">IND605238496</subfield>
         <subfield code="2">DNAL</subfield>
      </datafield>
      <datafield tag="024" ind1="7" ind2=" ">
         <subfield code="a">10.1002/ehs2.1226</subfield>
         <subfield code="2">doi</subfield>
      </datafield>
      <datafield tag="035" ind1=" " ind2=" ">
         <subfield code="a">agid:5238496-01nal_inst</subfield>
      </datafield>
      <datafield tag="040" ind1=" " ind2=" ">
         <subfield code="a">AGL</subfield>
         <subfield code="b">eng</subfield>
         <subfield code="c">AGL</subfield>
      </datafield>
      <datafield tag="100" ind1="1" ind2=" ">
         <subfield code="a">Guo, Qinfeng</subfield>
         <subfield code="e">author</subfield>
         <subfield code="u">USDA FS Eastern Forest Environmental Threat Assessment Center, 3041
        Cornwallis RoadResearch Triangle Park, North Carolina, 27709USA</subfield>
      </datafield>
      <datafield tag="245" ind1="1" ind2="0">
         <subfield code="a">Life cycle and masting of a recovering keystone indicator species under
        climate fluctuation</subfield>
      </datafield>
      <datafield tag="520" ind1=" " ind2=" ">
         <subfield code="a">Ecosystem health and sustainability, to a large degree, depend on the
        performance of keystone or dominant species. The role of climate on population dynamics of
        such species has been extensively examined, especially for health indicator species. Yet the
        life‐cycle processes and response lags for many species could complicate efforts to detect
        clear climate signals. Longleaf pine (Pinus palustris Mill.) is such a keystone tree species
        in the southeastern United States that has declined in both abundance and distribution
        during the past century. Despite research efforts on multiple fronts, the mechanisms behind
        the large spatial and temporal fluctuations in cone production that affects its regeneration
        are largely unknown. On the basis of long‐term (15–56 yr) monitoring data at 10 sites across
        the species' native range, we examine the spatial and temporal patterns in cone production
        and possible climatic effects on those patterns using the information‐theoretic approach.
        Cone production exhibited great variation across sites and years, and long‐term data
        revealed a weak, ca. 3 yr cycle (4 in one case) across the native range. The effects of
        climate were rather complex, most likely due to a mismatch between the prolonged
        cone‐production life‐cycle process and climatic fluctuation. Spatially, sites close to each
        other generally showed similar physical conditions and temporal trends in cone production.
        Across sites within longleaf pine's range, moderate climate conditions appear to promote
        cone production. At most sites, there was an increasing trend in cone production, but how
        such a trend might be linked to climate change requires further investigation.</subfield>
      </datafield>
      <datafield tag="592" ind1=" " ind2=" ">
         <subfield code="a">Publisher supplied data</subfield>
      </datafield>
      <datafield tag="593" ind1=" " ind2=" ">
         <subfield code="a">PubAg article</subfield>
      </datafield>
      <datafield tag="596" ind1=" " ind2=" ">
         <subfield code="c">USDA National Institute of Food and Agriculture McIntire Stennis</subfield>
         <subfield code="d">https://doi.org/1008643</subfield>
      </datafield>
      <datafield tag="650" ind1=" " ind2="3">
         <subfield code="a">Pinus palustris</subfield>
      </datafield>
      <datafield tag="650" ind1=" " ind2="3">
         <subfield code="a">climate change</subfield>
      </datafield>
      <datafield tag="650" ind1=" " ind2="3">
         <subfield code="a">climatic factors</subfield>
      </datafield>
      <datafield tag="650" ind1=" " ind2="3">
         <subfield code="a">dominant species</subfield>
      </datafield>
      <datafield tag="650" ind1=" " ind2="3">
         <subfield code="a">environmental health</subfield>
      </datafield>
      <datafield tag="650" ind1=" " ind2="3">
         <subfield code="a">indicator species</subfield>
      </datafield>
      <datafield tag="650" ind1=" " ind2="3">
         <subfield code="a">monitoring</subfield>
      </datafield>
      <datafield tag="650" ind1=" " ind2="3">
         <subfield code="a">population dynamics</subfield>
      </datafield>
      <datafield tag="650" ind1=" " ind2="3">
         <subfield code="a">trees</subfield>
      </datafield>
      <datafield tag="651" ind1=" " ind2="3">
         <subfield code="a">Southeastern United States</subfield>
      </datafield>
      <datafield tag="653" ind1=" " ind2="0">
         <subfield code="a">idiosyncrasy</subfield>
      </datafield>
      <datafield tag="653" ind1=" " ind2="0">
         <subfield code="a">life history</subfield>
      </datafield>
      <datafield tag="653" ind1=" " ind2="0">
         <subfield code="a">Moran effect</subfield>
      </datafield>
      <datafield tag="653" ind1=" " ind2="0">
         <subfield code="a">Pinus palustris</subfield>
      </datafield>
      <datafield tag="653" ind1=" " ind2="0">
         <subfield code="a">regeneration</subfield>
      </datafield>
      <datafield tag="653" ind1=" " ind2="0">
         <subfield code="a">sustainability</subfield>
      </datafield>
      <datafield tag="653" ind1=" " ind2="0">
         <subfield code="a">synchrony</subfield>
      </datafield>
      <datafield tag="653" ind1=" " ind2="0">
         <subfield code="a">time lag</subfield>
      </datafield>
      <datafield tag="653" ind1=" " ind2="0">
         <subfield code="a">wavelet analysis</subfield>
      </datafield>
      <datafield tag="700" ind1="1" ind2=" ">
         <subfield code="a">Zarnoch, Stanley J.</subfield>
         <subfield code="e">author</subfield>
         <subfield code="u">USDA Forest Service, Southern Research Station, Clemson University,
        Lehotsky HallClemson, South Carolina, 29634USA</subfield>
      </datafield>
      <datafield tag="700" ind1="1" ind2=" ">
         <subfield code="a">Chen, Xiongwen</subfield>
         <subfield code="e">author</subfield>
         <subfield code="u">Department of Biological and Environmental Sciences, Alabama A&amp;M
        University, P.O. Box 1927Normal, Alabama, 35762USA</subfield>
      </datafield>
      <datafield tag="700" ind1="1" ind2=" ">
         <subfield code="a">Brockway, Dale G.</subfield>
         <subfield code="e">author</subfield>
         <subfield code="u">USDA Forest Service, Southern Research Station, 521 Devall DriveAuburn,
        Alabama, 36849USA</subfield>
      </datafield>
      <datafield tag="773" ind1="0" ind2=" ">
         <subfield code="t">Ecosystem health and sustainability.</subfield>
         <subfield code="g">2016 June 1, v. 2, no. 6 p.e01226-</subfield>
         <subfield code="d">Taylor &amp; Francis</subfield>
         <subfield code="w">Journal:23063</subfield>
         <subfield code="x">2332-8878</subfield>
         <subfield code="7">nnas</subfield>
      </datafield>
      <datafield tag="787" ind1="1" ind2=" ">
         <subfield code="o">islandora_article_repository</subfield>
      </datafield>
      <datafield tag="787" ind1="1" ind2=" ">
         <subfield code="o">product_pubag</subfield>
      </datafield>
      <datafield tag="787" ind1="1" ind2=" ">
         <subfield code="o">(Journal)23063</subfield>
      </datafield>
      <datafield tag="856" ind1="4" ind2="0">
         <subfield code="u">http://dx.doi.org/10.1002/ehs2.1226</subfield>
         <subfield code="3">Available from publisher's site</subfield>
      </datafield>
      <datafield tag="912" ind1=" " ind2=" ">
         <subfield code="a">Article</subfield>
      </datafield>
      <datafield tag="914" ind1=" " ind2=" ">
         <subfield code="a">Journal:23063</subfield>
         <subfield code="b">2332-8878</subfield>
         <subfield code="c">2</subfield>
         <subfield code="d">6</subfield>
         <subfield code="e">e01226</subfield>
      </datafield>
      <datafield tag="914" ind1=" " ind2=" ">
         <subfield code="f">Ecosystem health and sustainability</subfield>
      </datafield>
      <datafield tag="916" ind1=" " ind2=" ">
         <subfield code="a">Batch:2238</subfield>
      </datafield>
      <datafield tag="917" ind1=" " ind2=" ">
         <subfield code="a">issued</subfield>
      </datafield>
      <datafield tag="918" ind1="2" ind2=" ">
         <subfield code="a">Taylor &amp; Francis Group</subfield>
         <subfield code="e">provider</subfield>
         <subfield code="5">DNAL</subfield>
      </datafield>
      <datafield tag="935" ind1=" " ind2=" ">
         <subfield code="a">IND605238496</subfield>
         <subfield code="9">ExL</subfield>
      </datafield>
      <datafield tag="949" ind1=" " ind2=" ">
         <subfield code="a">2019-07-02</subfield>
      </datafield>
      <datafield tag="953" ind1=" " ind2=" ">
         <subfield code="a">/data/metadata/incoming/taylorfrancis/tehs20_tehs20.v002.i06_20200416221144#20046795.zip</subfield>
      </datafield>
      <datafield tag="954" ind1=" " ind2=" ">
         <subfield code="a">file:/data/metadata/staging/taylorfrancis/ehs2.1226.xml</subfield>
      </datafield>
      <datafield tag="955" ind1=" " ind2=" ">
         <subfield code="a">/data/metadata/staging/taylorfrancis/</subfield>
      </datafield>
      <datafield tag="961" ind1=" " ind2=" ">
         <subfield code="a">USDA/FS</subfield>
      </datafield>
      <datafield tag="974" ind1=" " ind2=" ">
         <subfield code="a">agid:5238496</subfield>
      </datafield>
      <datafield tag="983" ind1=" " ind2=" ">
         <subfield code="a">2020-05-09</subfield>
      </datafield>
      <datafield tag="984" ind1=" " ind2=" ">
         <subfield code="a">2020-09-29</subfield>
      </datafield>
   </record>