
   <!--Record: 149-->
   <record>
      <leader>04305nab a2200661 u 4500</leader>
      <controlfield tag="001">9915959332107426</controlfield>
      <controlfield tag="005">20221121232330.0</controlfield>
      <controlfield tag="008">200820e201910 xx |||||o|||||||||||eng||</controlfield>
      <datafield tag="016" ind1="7" ind2=" ">
         <subfield code="a">IND606714772</subfield>
         <subfield code="2">DNAL</subfield>
      </datafield>
      <datafield tag="024" ind1="7" ind2=" ">
         <subfield code="a">10.1007/s11258-019-00966-5</subfield>
         <subfield code="2">doi</subfield>
      </datafield>
      <datafield tag="035" ind1=" " ind2=" ">
         <subfield code="a">agid:6714772-01nal_inst</subfield>
      </datafield>
      <datafield tag="040" ind1=" " ind2=" ">
         <subfield code="a">AGL</subfield>
         <subfield code="b">eng</subfield>
         <subfield code="c">AGL</subfield>
      </datafield>
      <datafield tag="100" ind1="1" ind2=" ">
         <subfield code="a">Liu, Jia</subfield>
         <subfield code="e">author</subfield>
         <subfield code="u">CAS Key Laboratory of Aquatic Botany and Watershed Ecology, Wuhan Botanical
        Garden, Chinese Academy of Sciences, Wuhan, 430074, Hubei, China</subfield>
      </datafield>
      <datafield tag="245" ind1="1" ind2="0">
         <subfield code="a">Latitudinal and altitudinal patterns of soil nematode communities under
        tallow tree (Triadica sebifera) in China</subfield>
      </datafield>
      <datafield tag="300" ind1=" " ind2=" ">
         <subfield code="a">p. 965-976.</subfield>
      </datafield>
      <datafield tag="520" ind1=" " ind2=" ">
         <subfield code="a">Because nematodes are an important component of soil ecosystems, patterns
        of soil nematode community structure along geographic gradients have received considerable
        attention. However, little is known about the multidimensional spatial patterns of soil
        nematode communities under specific plants. Here, we examined soil nematode communities
        associated with roots of tallow tree (Triadica sebifera) along a latitudinal gradient
        spanning from 19.44° to 33.56° N in China. On Tianzhu mountain in central China (30.69° N),
        we also examined the distribution patterns of soil nematode communities associated with
        roots of T. sebifera along an altitudinal gradient spanning from 100 to 1000 m a.s.l.
        Through the integration of latitudinal and altitudinal gradients, our results show that
        latitudinal patterns of soil nematode community structure are mainly quadratic (low nematode
        abundance at mid-latitude), whereas altitudinal patterns are mainly linear (low nematode
        abundance at high altitude). Along with the differences in distribution pattern between
        latitudinal and altitudinal gradients, the relationship of factors to soil nematode
        community structure was also quite different in the two surveys. These results suggest that
        multidimensional and multifactorial studies are essential for revealing spatial distribution
        patterns, as well as the driving mechanisms, of soil nematode community
        structure.</subfield>
      </datafield>
      <datafield tag="592" ind1=" " ind2=" ">
         <subfield code="a">Publisher supplied data</subfield>
      </datafield>
      <datafield tag="593" ind1=" " ind2=" ">
         <subfield code="a">PubAg article</subfield>
      </datafield>
      <datafield tag="596" ind1=" " ind2=" ">
         <subfield code="a">2017YFC1200100</subfield>
         <subfield code="c">National Basic Research Program of China (973 Program)</subfield>
      </datafield>
      <datafield tag="596" ind1=" " ind2=" ">
         <subfield code="a">31470447</subfield>
         <subfield code="c">National Natural Science Foundation of China</subfield>
      </datafield>
      <datafield tag="596" ind1=" " ind2=" ">
         <subfield code="a">31822007</subfield>
         <subfield code="c">National Natural Science Foundation of China</subfield>
      </datafield>
      <datafield tag="596" ind1=" " ind2=" ">
         <subfield code="a">31700448</subfield>
         <subfield code="c">National Natural Science Foundation of China</subfield>
      </datafield>
      <datafield tag="596" ind1=" " ind2=" ">
         <subfield code="a">31870521</subfield>
         <subfield code="c">National Natural Science Foundation of China</subfield>
      </datafield>
      <datafield tag="650" ind1=" " ind2="3">
         <subfield code="a">Nematoda</subfield>
      </datafield>
      <datafield tag="650" ind1=" " ind2="3">
         <subfield code="a">Triadica sebifera</subfield>
      </datafield>
      <datafield tag="650" ind1=" " ind2="3">
         <subfield code="a">altitude</subfield>
      </datafield>
      <datafield tag="650" ind1=" " ind2="3">
         <subfield code="a">community structure</subfield>
      </datafield>
      <datafield tag="650" ind1=" " ind2="3">
         <subfield code="a">latitude</subfield>
      </datafield>
      <datafield tag="650" ind1=" " ind2="3">
         <subfield code="a">roots</subfield>
      </datafield>
      <datafield tag="650" ind1=" " ind2="3">
         <subfield code="a">soil ecosystems</subfield>
      </datafield>
      <datafield tag="650" ind1=" " ind2="3">
         <subfield code="a">soil nematodes</subfield>
      </datafield>
      <datafield tag="650" ind1=" " ind2="3">
         <subfield code="a">surveys</subfield>
      </datafield>
      <datafield tag="650" ind1=" " ind2="3">
         <subfield code="a">tallow</subfield>
      </datafield>
      <datafield tag="650" ind1=" " ind2="3">
         <subfield code="a">trees</subfield>
      </datafield>
      <datafield tag="651" ind1=" " ind2="3">
         <subfield code="a">China</subfield>
      </datafield>
      <datafield tag="700" ind1="1" ind2=" ">
         <subfield code="a">Yang, Qiang</subfield>
         <subfield code="e">author</subfield>
         <subfield code="u">CAS Key Laboratory of Aquatic Botany and Watershed Ecology, Wuhan Botanical
        Garden, Chinese Academy of Sciences, Wuhan, 430074, Hubei, China</subfield>
      </datafield>
      <datafield tag="700" ind1="1" ind2=" ">
         <subfield code="a">Siemann, Evan</subfield>
         <subfield code="e">author</subfield>
         <subfield code="u">Department of Biosciences, Rice University, Houston, TX, 77005,
        USA</subfield>
      </datafield>
      <datafield tag="700" ind1="1" ind2=" ">
         <subfield code="a">Huang, Wei</subfield>
         <subfield code="e">author</subfield>
         <subfield code="u">CAS Key Laboratory of Aquatic Botany and Watershed Ecology, Wuhan Botanical
        Garden, Chinese Academy of Sciences, Wuhan, 430074, Hubei, China.
        huangwei0519@wbgcas.cn</subfield>
      </datafield>
      <datafield tag="700" ind1="1" ind2=" ">
         <subfield code="a">Ding, Jianqing</subfield>
         <subfield code="e">author</subfield>
         <subfield code="u">School of Life Sciences, Henan University, Kaifeng, 475004, Henan, China.
        jding@henu.edu.cn</subfield>
      </datafield>
      <datafield tag="773" ind1="0" ind2=" ">
         <subfield code="t">Plant ecology.</subfield>
         <subfield code="g">2019 Oct., v. 220, no. 10 p.965-976</subfield>
         <subfield code="d">Springer Netherlands</subfield>
         <subfield code="w">Journal:jnl55230</subfield>
         <subfield code="x">1385-0237</subfield>
         <subfield code="7">nnas</subfield>
      </datafield>
      <datafield tag="787" ind1="1" ind2=" ">
         <subfield code="o">islandora_article_repository</subfield>
      </datafield>
      <datafield tag="787" ind1="1" ind2=" ">
         <subfield code="o">product_pubag</subfield>
      </datafield>
      <datafield tag="787" ind1="1" ind2=" ">
         <subfield code="o">(Journal)jnl55230</subfield>
      </datafield>
      <datafield tag="856" ind1="4" ind2="0">
         <subfield code="u">https://dx.doi.org/10.1007/s11258-019-00966-5</subfield>
         <subfield code="3">Available from publisher's site</subfield>
      </datafield>
      <datafield tag="912" ind1=" " ind2=" ">
         <subfield code="a">Article</subfield>
      </datafield>
      <datafield tag="914" ind1=" " ind2=" ">
         <subfield code="a">Journal:jnl55230</subfield>
         <subfield code="b">1385-0237</subfield>
         <subfield code="c">220</subfield>
         <subfield code="d">10</subfield>
         <subfield code="e">965</subfield>
      </datafield>
      <datafield tag="914" ind1=" " ind2=" ">
         <subfield code="f">Plant ecology</subfield>
      </datafield>
      <datafield tag="916" ind1=" " ind2=" ">
         <subfield code="a">Batch:2402</subfield>
      </datafield>
      <datafield tag="917" ind1=" " ind2=" ">
         <subfield code="a">issued</subfield>
      </datafield>
      <datafield tag="918" ind1="2" ind2=" ">
         <subfield code="a">Springer</subfield>
         <subfield code="e">provider</subfield>
         <subfield code="5">DNAL</subfield>
      </datafield>
      <datafield tag="935" ind1=" " ind2=" ">
         <subfield code="a">IND606714772</subfield>
         <subfield code="9">ExL</subfield>
      </datafield>
      <datafield tag="949" ind1=" " ind2=" ">
         <subfield code="a">2020-02-10</subfield>
      </datafield>
      <datafield tag="953" ind1=" " ind2=" ">
         <subfield code="a">/data/metadata/incoming/springer/ftp_PUB_20-08-20_05-23-06.zip</subfield>
      </datafield>
      <datafield tag="954" ind1=" " ind2=" ">
         <subfield code="a">file:/data/metadata/staging/springer/11258-220-10.xml</subfield>
      </datafield>
      <datafield tag="955" ind1=" " ind2=" ">
         <subfield code="a">/data/metadata/staging/springer/</subfield>
      </datafield>
      <datafield tag="974" ind1=" " ind2=" ">
         <subfield code="a">agid:6714772</subfield>
      </datafield>
      <datafield tag="983" ind1=" " ind2=" ">
         <subfield code="a">2020-08-20</subfield>
      </datafield>
      <datafield tag="984" ind1=" " ind2=" ">
         <subfield code="a">2020-08-20</subfield>
      </datafield>
   </record>