
   <!--Record: 150-->
   <record>
      <leader>03839nab a2200613 u 4500</leader>
      <controlfield tag="001">9915959595307426</controlfield>
      <controlfield tag="005">20221120083807.0</controlfield>
      <controlfield tag="008">120302e201103 xx |||||o|||||||||||eng||</controlfield>
      <datafield tag="016" ind1="7" ind2=" ">
         <subfield code="a">IND44676377</subfield>
         <subfield code="2">DNAL</subfield>
      </datafield>
      <datafield tag="024" ind1="7" ind2=" ">
         <subfield code="a">10.1007/s10342-010-0421-0</subfield>
         <subfield code="2">doi</subfield>
      </datafield>
      <datafield tag="035" ind1=" " ind2=" ">
         <subfield code="a">agid:456347-01nal_inst</subfield>
      </datafield>
      <datafield tag="040" ind1=" " ind2=" ">
         <subfield code="a">AGL</subfield>
         <subfield code="b">eng</subfield>
         <subfield code="c">AGL</subfield>
      </datafield>
      <datafield tag="100" ind1="1" ind2=" ">
         <subfield code="a">Janik, David</subfield>
         <subfield code="e">author</subfield>
         <subfield code="u">Department of Forest Ecology, Silva Tarouca Research Institute for
        Landscape and Ornamental Gardening, Lidická 25/27, 602 00, Brno, Czech Republic,
        david.janik@vukoz.cz</subfield>
      </datafield>
      <datafield tag="245" ind1="1" ind2="0">
         <subfield code="a">Field maple and hornbeam populations along a 4-m elevation gradient in an
        alluvial forest</subfield>
      </datafield>
      <datafield tag="300" ind1=" " ind2=" ">
         <subfield code="a">p. 197-208.</subfield>
      </datafield>
      <datafield tag="520" ind1=" " ind2=" ">
         <subfield code="a">Tree species composition of Central European alluvial hardwood forests has
        changed with the arrival of flood-intolerant and mesic species. Within this group of tree
        species, a dominant role is played by field maple (Acer campestre) and European hornbeam
        (Carpinus betulus). This study was performed in the Lanzhot natural forests at the
        confluence of the Morava and the Dyje Rivers, which are considered to be one of the most
        natural alluvial hardwood forests in Central Europe and where the absence of the direct
        influence by humans for 75 years has allowed spontaneous development. Our basic research
        questions were as follows: (1) does the mutual proportion and structure of field maple and
        hornbeam populations change along an elevation gradient of 4 m in an alluvial forest and
        (2) does the tree spatial pattern of field maple and hornbeam change along this gradient?
        The study found significant differences in the development of hornbeam and field maple
        populations with increasing elevation in an alluvial hardwood forest. While the strength of
        the hornbeam population clearly increases with increasing elevation, the field maple
        population does not. Compared to hornbeam, field maple is closer to the r-strategy side of
        the K-r continuum on alluvial sites. Our study reveals that field maple and hornbeam are
        mainly distributed in clusters on alluvial sites. Both species are concentrated at places
        with lower flooding intensity, i.e. to higher elevation sites. The study shows that tree
        spatial patterns could change dynamically along a short elevation gradient in alluvial
        hardwood forest.</subfield>
      </datafield>
      <datafield tag="592" ind1=" " ind2=" ">
         <subfield code="a">Publisher supplied data</subfield>
      </datafield>
      <datafield tag="593" ind1=" " ind2=" ">
         <subfield code="a">PubAg article</subfield>
      </datafield>
      <datafield tag="650" ind1=" " ind2="3">
         <subfield code="a">Acer campestre</subfield>
      </datafield>
      <datafield tag="650" ind1=" " ind2="3">
         <subfield code="a">Acer carpinifolium</subfield>
      </datafield>
      <datafield tag="650" ind1=" " ind2="3">
         <subfield code="a">Carpinus betulus</subfield>
      </datafield>
      <datafield tag="650" ind1=" " ind2="3">
         <subfield code="a">hardwood forests</subfield>
      </datafield>
      <datafield tag="650" ind1=" " ind2="3">
         <subfield code="a">humans</subfield>
      </datafield>
      <datafield tag="650" ind1=" " ind2="3">
         <subfield code="a">population growth</subfield>
      </datafield>
      <datafield tag="650" ind1=" " ind2="3">
         <subfield code="a">species diversity</subfield>
      </datafield>
      <datafield tag="650" ind1=" " ind2="3">
         <subfield code="a">trees</subfield>
      </datafield>
      <datafield tag="651" ind1=" " ind2="3">
         <subfield code="a">Central European region</subfield>
      </datafield>
      <datafield tag="700" ind1="1" ind2=" ">
         <subfield code="a">Adam, Dušan</subfield>
         <subfield code="e">author</subfield>
      </datafield>
      <datafield tag="700" ind1="1" ind2=" ">
         <subfield code="a">Vrška, Tomáš</subfield>
         <subfield code="e">author</subfield>
      </datafield>
      <datafield tag="700" ind1="1" ind2=" ">
         <subfield code="a">Hort, Libor</subfield>
         <subfield code="e">author</subfield>
      </datafield>
      <datafield tag="700" ind1="1" ind2=" ">
         <subfield code="a">Unar, Pavel</subfield>
         <subfield code="e">author</subfield>
      </datafield>
      <datafield tag="700" ind1="1" ind2=" ">
         <subfield code="a">Král, Kamil</subfield>
         <subfield code="e">author</subfield>
      </datafield>
      <datafield tag="700" ind1="1" ind2=" ">
         <subfield code="a">Šamonil, Pavel</subfield>
         <subfield code="e">author</subfield>
      </datafield>
      <datafield tag="700" ind1="1" ind2=" ">
         <subfield code="a">Horal, David</subfield>
         <subfield code="e">author</subfield>
      </datafield>
      <datafield tag="773" ind1="0" ind2=" ">
         <subfield code="t">European journal of forest research.</subfield>
         <subfield code="g">2011 Mar., v. 130, no. 2 p.197-208</subfield>
         <subfield code="d">Springer-Verlag</subfield>
         <subfield code="x">1612-4669</subfield>
         <subfield code="7">nnas</subfield>
      </datafield>
      <datafield tag="787" ind1="1" ind2=" ">
         <subfield code="o">islandora_article_repository</subfield>
      </datafield>
      <datafield tag="787" ind1="1" ind2=" ">
         <subfield code="o">product_pubag</subfield>
      </datafield>
      <datafield tag="787" ind1="1" ind2=" ">
         <subfield code="o">(Journal)jnl3870054</subfield>
      </datafield>
      <datafield tag="856" ind1="4" ind2="0">
         <subfield code="u">http://dx.doi.org/10.1007/s10342-010-0421-0</subfield>
      </datafield>
      <datafield tag="912" ind1=" " ind2=" ">
         <subfield code="a">Article</subfield>
      </datafield>
      <datafield tag="914" ind1=" " ind2=" ">
         <subfield code="a">Journal:jnl3870054</subfield>
         <subfield code="b">1612-4669</subfield>
         <subfield code="c">130</subfield>
         <subfield code="d">2</subfield>
         <subfield code="e">197</subfield>
      </datafield>
      <datafield tag="914" ind1=" " ind2=" ">
         <subfield code="f">European journal of forest research</subfield>
      </datafield>
      <datafield tag="917" ind1=" " ind2=" ">
         <subfield code="a">issued</subfield>
      </datafield>
      <datafield tag="918" ind1="2" ind2=" ">
         <subfield code="a">Springer</subfield>
         <subfield code="e">provider</subfield>
         <subfield code="5">DNAL</subfield>
      </datafield>
      <datafield tag="935" ind1=" " ind2=" ">
         <subfield code="a">IND44676377</subfield>
         <subfield code="9">ExL</subfield>
      </datafield>
      <datafield tag="949" ind1=" " ind2=" ">
         <subfield code="a">2013-04-29</subfield>
      </datafield>
      <datafield tag="951" ind1=" " ind2=" ">
         <subfield code="a">2012-03-02</subfield>
      </datafield>
      <datafield tag="953" ind1=" " ind2=" ">
         <subfield code="a">ftp_PUB_12-03-02_06-22-21.zip</subfield>
      </datafield>
      <datafield tag="962" ind1=" " ind2=" ">
         <subfield code="a">Journal ISSN is 1612-4677</subfield>
      </datafield>
      <datafield tag="962" ind1=" " ind2=" ">
         <subfield code="a">Journal title changed from 'Eur J Forest Res'</subfield>
      </datafield>
      <datafield tag="962" ind1=" " ind2=" ">
         <subfield code="a">Batch:196 annotated on 2013-04-22T09:54:21Z</subfield>
      </datafield>
      <datafield tag="962" ind1=" " ind2=" ">
         <subfield code="a">Batch:196 reviewed on 2013-04-29T12:00:02Z</subfield>
      </datafield>
      <datafield tag="962" ind1=" " ind2=" ">
         <subfield code="a">Batch:196 reviewed on 2013-04-29T13:00:02Z</subfield>
      </datafield>
      <datafield tag="974" ind1=" " ind2=" ">
         <subfield code="a">agid:456347</subfield>
      </datafield>
   </record>