
   <!--Record: 152-->
   <record>
      <leader>03807nab a2200649 u 4500</leader>
      <controlfield tag="001">9915959652807426</controlfield>
      <controlfield tag="005">20221120144612.0</controlfield>
      <controlfield tag="008">190417e201501 xx |||||o|||||||||||eng||</controlfield>
      <datafield tag="016" ind1="7" ind2=" ">
         <subfield code="a">IND605446508</subfield>
         <subfield code="2">DNAL</subfield>
      </datafield>
      <datafield tag="024" ind1="7" ind2=" ">
         <subfield code="a">10.1016/j.gecco.2015.01.005</subfield>
         <subfield code="2">doi</subfield>
      </datafield>
      <datafield tag="035" ind1=" " ind2=" ">
         <subfield code="a">agid:5446508-01nal_inst</subfield>
      </datafield>
      <datafield tag="040" ind1=" " ind2=" ">
         <subfield code="a">AGL</subfield>
         <subfield code="b">eng</subfield>
         <subfield code="c">AGL</subfield>
      </datafield>
      <datafield tag="100" ind1="1" ind2=" ">
         <subfield code="a">Guil, Francisco</subfield>
         <subfield code="e">author</subfield>
         <subfield code="u">C/ Luis Ruiz 111, 28017, Madrid, Spain</subfield>
         <subfield code="1">https://orcid.org/0000-0002-0644-9525</subfield>
      </datafield>
      <datafield tag="245" ind1="1" ind2="0">
         <subfield code="a">Space–time trends in Spanish bird electrocution rates from alternative
        information sources</subfield>
      </datafield>
      <datafield tag="300" ind1=" " ind2=" ">
         <subfield code="a">p. 379-388.</subfield>
      </datafield>
      <datafield tag="520" ind1=" " ind2=" ">
         <subfield code="a">Interaction with man-made infrastructures is one of the main sources of
        non-natural bird mortality. Here, we use a long-term study (1980–2010) to analyse spatial
        and temporal patterns in avian electrocution in Spain, using ringed birds as well as
        published reports and articles as information sources. Electrocution rates of ringed birds
        differ from rates obtained in unringed species. Electrocution rates are likely seasonally
        asymmetrical and are not constant across study periods: between 1990 and 2005 an annual
        rising trend of 5% was observed, whereas between 2006 and 2010 this trend decreased (16%
        annually). From the literature, we confirmed this decreasing trend. However, when we
        consider large eagles (Aquila genus), which include several of the most threatened bird
        species in Spain, this decreasing trend is not evident. The results of the analysis of
        different environmental and socio-economic factors affecting bird electrocution rates are
        similar between ringed birds and traditional power line surveys. Our modelling suggests
        three common factors that influence mortality rates: number of hunted rabbits, tree coverage
        and length of the power line network. Thus, the use of alternative information sources to
        detect high mortality areas due to electrocution by power lines may be a useful tool to
        complement other methods.</subfield>
      </datafield>
      <datafield tag="592" ind1=" " ind2=" ">
         <subfield code="a">Publisher supplied data</subfield>
      </datafield>
      <datafield tag="593" ind1=" " ind2=" ">
         <subfield code="a">PubAg article</subfield>
      </datafield>
      <datafield tag="650" ind1=" " ind2="3">
         <subfield code="a">Aquila</subfield>
      </datafield>
      <datafield tag="650" ind1=" " ind2="3">
         <subfield code="a">eagles</subfield>
      </datafield>
      <datafield tag="650" ind1=" " ind2="3">
         <subfield code="a">information sources</subfield>
      </datafield>
      <datafield tag="650" ind1=" " ind2="3">
         <subfield code="a">infrastructure</subfield>
      </datafield>
      <datafield tag="650" ind1=" " ind2="3">
         <subfield code="a">models</subfield>
      </datafield>
      <datafield tag="650" ind1=" " ind2="3">
         <subfield code="a">mortality</subfield>
      </datafield>
      <datafield tag="650" ind1=" " ind2="3">
         <subfield code="a">rabbits</subfield>
      </datafield>
      <datafield tag="650" ind1=" " ind2="3">
         <subfield code="a">socioeconomic factors</subfield>
      </datafield>
      <datafield tag="650" ind1=" " ind2="3">
         <subfield code="a">surveys</subfield>
      </datafield>
      <datafield tag="650" ind1=" " ind2="3">
         <subfield code="a">threatened species</subfield>
      </datafield>
      <datafield tag="650" ind1=" " ind2="3">
         <subfield code="a">trees</subfield>
      </datafield>
      <datafield tag="651" ind1=" " ind2="3">
         <subfield code="a">Spain</subfield>
      </datafield>
      <datafield tag="653" ind1=" " ind2="0">
         <subfield code="a">Electrocution assessment</subfield>
      </datafield>
      <datafield tag="653" ind1=" " ind2="0">
         <subfield code="a">Bird ringing</subfield>
      </datafield>
      <datafield tag="653" ind1=" " ind2="0">
         <subfield code="a">Raptors</subfield>
      </datafield>
      <datafield tag="653" ind1=" " ind2="0">
         <subfield code="a">Ringing recoveries</subfield>
      </datafield>
      <datafield tag="653" ind1=" " ind2="0">
         <subfield code="a">Spain</subfield>
      </datafield>
      <datafield tag="700" ind1="1" ind2=" ">
         <subfield code="a">Àngels Colomer, M.</subfield>
         <subfield code="e">author</subfield>
         <subfield code="u">Department of Mathematics, University of Lleida, Av. Alcalde Rovira Roure,
        191. 25198 Lleida, Spain</subfield>
      </datafield>
      <datafield tag="700" ind1="1" ind2=" ">
         <subfield code="a">Moreno-Opo, Rubén</subfield>
         <subfield code="e">author</subfield>
         <subfield code="u">Vertebrate Biology and Conservation Group, University Complutense of
        Madrid, Madrid 28049, Spain</subfield>
      </datafield>
      <datafield tag="700" ind1="1" ind2=" ">
         <subfield code="a">Margalida, Antoni</subfield>
         <subfield code="e">author</subfield>
         <subfield code="u">Department of Animal Production, University of Lleida, Av. Alcalde Rovira
        Roure, 191. 25198 Lleida, Spain</subfield>
      </datafield>
      <datafield tag="773" ind1="0" ind2=" ">
         <subfield code="t">Global ecology and conservation.</subfield>
         <subfield code="g">2015 Jan., v. 3 p.379-388</subfield>
         <subfield code="d">Elsevier B.V.</subfield>
         <subfield code="w">Journal:23212</subfield>
         <subfield code="x">2351-9894</subfield>
         <subfield code="7">nnas</subfield>
      </datafield>
      <datafield tag="787" ind1="1" ind2=" ">
         <subfield code="o">islandora_article_repository</subfield>
      </datafield>
      <datafield tag="787" ind1="1" ind2=" ">
         <subfield code="o">product_pubag</subfield>
      </datafield>
      <datafield tag="787" ind1="1" ind2=" ">
         <subfield code="o">(Journal)23212</subfield>
      </datafield>
      <datafield tag="856" ind1="4" ind2="0">
         <subfield code="u">http://dx.doi.org/10.1016/j.gecco.2015.01.005</subfield>
         <subfield code="3">Available from publisher's site</subfield>
      </datafield>
      <datafield tag="912" ind1=" " ind2=" ">
         <subfield code="a">Article</subfield>
      </datafield>
      <datafield tag="914" ind1=" " ind2=" ">
         <subfield code="a">Journal:23212</subfield>
         <subfield code="b">2351-9894</subfield>
         <subfield code="c">3</subfield>
         <subfield code="e">379</subfield>
      </datafield>
      <datafield tag="914" ind1=" " ind2=" ">
         <subfield code="f">Global ecology and conservation</subfield>
      </datafield>
      <datafield tag="916" ind1=" " ind2=" ">
         <subfield code="a">Batch:1794</subfield>
      </datafield>
      <datafield tag="917" ind1=" " ind2=" ">
         <subfield code="a">issued</subfield>
      </datafield>
      <datafield tag="918" ind1="2" ind2=" ">
         <subfield code="a">Elsevier Consyn</subfield>
         <subfield code="e">provider</subfield>
         <subfield code="5">DNAL</subfield>
      </datafield>
      <datafield tag="935" ind1=" " ind2=" ">
         <subfield code="a">IND605446508</subfield>
         <subfield code="9">ExL</subfield>
      </datafield>
      <datafield tag="949" ind1=" " ind2=" ">
         <subfield code="a">2019-04-17</subfield>
      </datafield>
      <datafield tag="953" ind1=" " ind2=" ">
         <subfield code="a">/data/metadata/incoming/consyn-backfiles/46-2-00119-HEAD-ONLY.zip</subfield>
      </datafield>
      <datafield tag="954" ind1=" " ind2=" ">
         <subfield code="a">file:/data/metadata/staging/consyn-backfiles/S2351989415000062.xml</subfield>
      </datafield>
      <datafield tag="955" ind1=" " ind2=" ">
         <subfield code="a">/data/metadata/staging/consyn-backfiles/</subfield>
      </datafield>
      <datafield tag="974" ind1=" " ind2=" ">
         <subfield code="a">agid:5446508</subfield>
      </datafield>
      <datafield tag="983" ind1=" " ind2=" ">
         <subfield code="a">2019-04-17</subfield>
      </datafield>
      <datafield tag="984" ind1=" " ind2=" ">
         <subfield code="a">2020-10-07</subfield>
      </datafield>
   </record>