
   <!--Record: 153-->
   <record>
      <leader>03957nab a2200649 u 4500</leader>
      <controlfield tag="001">9915960611107426</controlfield>
      <controlfield tag="005">20221121043119.0</controlfield>
      <controlfield tag="008">210217e20201130xx |||||o|||||||||||eng||</controlfield>
      <datafield tag="016" ind1="7" ind2=" ">
         <subfield code="a">IND607281309</subfield>
         <subfield code="2">DNAL</subfield>
      </datafield>
      <datafield tag="024" ind1="7" ind2=" ">
         <subfield code="a">10.1659/MRD-JOURNAL-D-20-00002.1</subfield>
         <subfield code="2">doi</subfield>
      </datafield>
      <datafield tag="035" ind1=" " ind2=" ">
         <subfield code="a">agid:7281309-01nal_inst</subfield>
      </datafield>
      <datafield tag="040" ind1=" " ind2=" ">
         <subfield code="a">AGL</subfield>
         <subfield code="b">eng</subfield>
         <subfield code="c">AGL</subfield>
      </datafield>
      <datafield tag="100" ind1="1" ind2=" ">
         <subfield code="a">Fomin, Valery V.</subfield>
         <subfield code="e">author</subfield>
         <subfield code="u">GIS-Technologies Research Laboratory in Ecology and Forest Sciences, Ural
        State Forest Engineering University, Sibirskiy Trakt 37, 620100 Yekaterinburg, Russian
        Federation</subfield>
      </datafield>
      <datafield tag="245" ind1="1" ind2="0">
         <subfield code="a">Trees in the Upper Treeline Ecotone in the Polar Urals: Centuries-Old
        Change and Spatial Patterns</subfield>
      </datafield>
      <datafield tag="300" ind1=" " ind2=" ">
         <subfield code="a">p. R32-R40.</subfield>
      </datafield>
      <datafield tag="500" ind1=" " ind2=" ">
         <subfield code="a">NAL-AP-2-clean</subfield>
      </datafield>
      <datafield tag="520" ind1=" " ind2=" ">
         <subfield code="a">Woody vegetation at the upper limit of its growth is a sensitive indicator
        of climate change. The aim of this study is to provide an analysis of the centuries-old
        spatiotemporal dynamics of larch trees at the upper limit of their growth (mountain massif
        Rai-Iz, Polar Urals, Russia). We used a ground-based method of mapping the remnants of trees
        that grew in the study area and died during the Little Ice Age. Aerial photographs from the
        1960s and high-spatial-resolution satellite images from 2015 were used as data sources to
        define the locations of trees. Maps of the forest–tundra phytocoenochoras (areas of the
        terrain that are relatively homogeneous for one or more components of vegetation and/or
        other indicators) were created using a modified method of boundary detection between forest
        parcels with different stand densities. The proposed method of boundary detection between
        the main types of phytocoenochoras allowed us to identify a 15% total increase in areas of
        closed and open forest and areas with sparse tree growth, as well as a decrease in areas of
        tundra with single trees over these last decades. Using our spatiotemporal analysis of
        forest–tundra demographics over the last 50 years, we found that the number of trees in the
        ecotone had doubled. However, modern trees have not yet reached the areas occupied by trees
        in the past.</subfield>
      </datafield>
      <datafield tag="592" ind1=" " ind2=" ">
         <subfield code="a">Publisher supplied data</subfield>
      </datafield>
      <datafield tag="593" ind1=" " ind2=" ">
         <subfield code="a">PubAg article</subfield>
      </datafield>
      <datafield tag="650" ind1=" " ind2="3">
         <subfield code="a">Larix</subfield>
      </datafield>
      <datafield tag="650" ind1=" " ind2="3">
         <subfield code="a">Russia</subfield>
      </datafield>
      <datafield tag="650" ind1=" " ind2="3">
         <subfield code="a">climate change</subfield>
      </datafield>
      <datafield tag="650" ind1=" " ind2="3">
         <subfield code="a">demographic statistics</subfield>
      </datafield>
      <datafield tag="650" ind1=" " ind2="3">
         <subfield code="a">ecotones</subfield>
      </datafield>
      <datafield tag="650" ind1=" " ind2="3">
         <subfield code="a">forests</subfield>
      </datafield>
      <datafield tag="650" ind1=" " ind2="3">
         <subfield code="a">landscapes</subfield>
      </datafield>
      <datafield tag="650" ind1=" " ind2="3">
         <subfield code="a">research and development</subfield>
      </datafield>
      <datafield tag="650" ind1=" " ind2="3">
         <subfield code="a">satellites</subfield>
      </datafield>
      <datafield tag="650" ind1=" " ind2="3">
         <subfield code="a">tree growth</subfield>
      </datafield>
      <datafield tag="650" ind1=" " ind2="3">
         <subfield code="a">treeline</subfield>
      </datafield>
      <datafield tag="650" ind1=" " ind2="3">
         <subfield code="a">tundra</subfield>
      </datafield>
      <datafield tag="653" ind1=" " ind2="0">
         <subfield code="a">boundary detection</subfield>
      </datafield>
      <datafield tag="653" ind1=" " ind2="0">
         <subfield code="a">climate-driven shift</subfield>
      </datafield>
      <datafield tag="653" ind1=" " ind2="0">
         <subfield code="a">Polar Urals</subfield>
      </datafield>
      <datafield tag="653" ind1=" " ind2="0">
         <subfield code="a">upper treeline ecotone</subfield>
      </datafield>
      <datafield tag="653" ind1=" " ind2="0">
         <subfield code="a">spatiotemporal dynamics</subfield>
      </datafield>
      <datafield tag="700" ind1="1" ind2=" ">
         <subfield code="a">Mikhailovich, Anna P.</subfield>
         <subfield code="e">author</subfield>
         <subfield code="u">Department of Physical Methods and Devices for Quality Control, Ural
        Federal University, Mira Street 19, 620002 Yekaterinburg, Russian Federation</subfield>
      </datafield>
      <datafield tag="700" ind1="1" ind2=" ">
         <subfield code="a">Shiyatov, Stepan G.</subfield>
         <subfield code="e">author</subfield>
         <subfield code="u">Laboratory of Dendrochronology, Institute of Plant and Animal Ecology, 8
        Marta Street 202, 620144 Yekaterinburg, Russian Federation</subfield>
      </datafield>
      <datafield tag="773" ind1="0" ind2=" ">
         <subfield code="t">Mountain research and development.</subfield>
         <subfield code="g">2020 Nov. 30, v. 40, no. 2 p.R32-R40</subfield>
         <subfield code="d">International Mountain Society</subfield>
         <subfield code="w">Journal:2017</subfield>
         <subfield code="x">0276-4741</subfield>
         <subfield code="7">nnas</subfield>
      </datafield>
      <datafield tag="787" ind1="1" ind2=" ">
         <subfield code="o">islandora_article_repository</subfield>
      </datafield>
      <datafield tag="787" ind1="1" ind2=" ">
         <subfield code="o">product_pubag</subfield>
      </datafield>
      <datafield tag="787" ind1="1" ind2=" ">
         <subfield code="o">(Journal)2017</subfield>
      </datafield>
      <datafield tag="856" ind1="4" ind2="0">
         <subfield code="u">http://dx.doi.org/10.1659/MRD-JOURNAL-D-20-00002.1</subfield>
         <subfield code="3">Available from publisher's site</subfield>
      </datafield>
      <datafield tag="912" ind1=" " ind2=" ">
         <subfield code="a">Article</subfield>
      </datafield>
      <datafield tag="914" ind1=" " ind2=" ">
         <subfield code="a">Journal:2017</subfield>
         <subfield code="b">0276-4741</subfield>
         <subfield code="c">40</subfield>
         <subfield code="d">2</subfield>
         <subfield code="e">R32</subfield>
      </datafield>
      <datafield tag="914" ind1=" " ind2=" ">
         <subfield code="f">Mountain research and development</subfield>
      </datafield>
      <datafield tag="916" ind1=" " ind2=" ">
         <subfield code="a">Batch:10145</subfield>
      </datafield>
      <datafield tag="917" ind1=" " ind2=" ">
         <subfield code="a">issued</subfield>
      </datafield>
      <datafield tag="918" ind1="2" ind2=" ">
         <subfield code="a">BioOne</subfield>
         <subfield code="e">provider</subfield>
         <subfield code="5">DNAL</subfield>
      </datafield>
      <datafield tag="935" ind1=" " ind2=" ">
         <subfield code="a">IND607281309</subfield>
         <subfield code="9">ExL</subfield>
      </datafield>
      <datafield tag="949" ind1=" " ind2=" ">
         <subfield code="a">2021-06-18</subfield>
      </datafield>
      <datafield tag="953" ind1=" " ind2=" ">
         <subfield code="a">/data/metadata/incoming/bioone/MRD-JOURNAL-D-20-00002.1_front.xml.zip</subfield>
      </datafield>
      <datafield tag="954" ind1=" " ind2=" ">
         <subfield code="a">file:/data/metadata/staging/bioone/MRD-JOURNAL-D-20-00002.1_front.xml</subfield>
      </datafield>
      <datafield tag="955" ind1=" " ind2=" ">
         <subfield code="a">/data/metadata/staging/bioone/</subfield>
      </datafield>
      <datafield tag="974" ind1=" " ind2=" ">
         <subfield code="a">agid:7281309</subfield>
      </datafield>
      <datafield tag="983" ind1=" " ind2=" ">
         <subfield code="a">2021-02-17</subfield>
      </datafield>
      <datafield tag="984" ind1=" " ind2=" ">
         <subfield code="a">2021-06-18</subfield>
      </datafield>
   </record>