
   <!--Record: 154-->
   <record>
      <leader>04174nab a2200697 u 4500</leader>
      <controlfield tag="001">9915961141707426</controlfield>
      <controlfield tag="005">20221123012557.0</controlfield>
      <controlfield tag="008">190318e201710 xx |||||o|||||||||||eng||</controlfield>
      <datafield tag="016" ind1="7" ind2=" ">
         <subfield code="a">IND605820122</subfield>
         <subfield code="2">DNAL</subfield>
      </datafield>
      <datafield tag="024" ind1="7" ind2=" ">
         <subfield code="a">10.1016/j.apgeog.2017.08.011</subfield>
         <subfield code="2">doi</subfield>
      </datafield>
      <datafield tag="035" ind1=" " ind2=" ">
         <subfield code="a">agid:5820122-01nal_inst</subfield>
      </datafield>
      <datafield tag="040" ind1=" " ind2=" ">
         <subfield code="a">AGL</subfield>
         <subfield code="b">eng</subfield>
         <subfield code="c">AGL</subfield>
      </datafield>
      <datafield tag="100" ind1="1" ind2=" ">
         <subfield code="a">Herguido Sevillano, Estela</subfield>
         <subfield code="e">author</subfield>
      </datafield>
      <datafield tag="245" ind1="1" ind2="0">
         <subfield code="a">Spatial patterns of lost and remaining trees in the Iberian wooded
        rangelands</subfield>
      </datafield>
      <datafield tag="300" ind1=" " ind2=" ">
         <subfield code="a">p. 170-183.</subfield>
      </datafield>
      <datafield tag="520" ind1=" " ind2=" ">
         <subfield code="a">Spanish dehesas and Portuguese montados are similar Iberian silvopastoral
        systems that provide important environmental services and hold a high biodiversity. However,
        there is a raising concern for the sustainability of these cultural landscapes, as they
        suffer from tree recruitment failure. Consequently, trees in those systems are lessening due
        to tree ageing, diseases and other causes. A key to developing successful management
        strategies in dehesas is to understand the spatiotemporal behaviour of this process. We
        analysed the spatial pattern of lost and remaining trees in five dehesas in Extremadura (SW
        Spain) between 1956 and 2009 based on aerial images. We studied the possible spatial
        dependency (clustering or segregation) of the lost and remaining trees in areas with low or
        high land use intensity at different spatial distances. Analyses were performed under the
        random labelling hypothesis and the critical values were obtained by using 199 permutations
        of a Monte Carlo test. A linear mixed model was used to investigate the possible factors
        affecting tree loss. The results indicate a clear segregation between remaining and lost
        trees in areas of high intensity land use, while in areas with low intensity this pattern
        was less evident. Also, lost trees were more clustered than the remaining ones. Higher tree
        loss density occurred at lower slopes, the areas initially occupied by high or
        medium-density shrubs being less prone to undergo tree loss than those that appeared in 1956
        like ploughed lands, grasslands or low-density shrubs. These results show a concentration of
        the risk of tree loss in certain areas where conservation efforts should be
        focused.</subfield>
      </datafield>
      <datafield tag="592" ind1=" " ind2=" ">
         <subfield code="a">Publisher supplied data</subfield>
      </datafield>
      <datafield tag="593" ind1=" " ind2=" ">
         <subfield code="a">PubAg article</subfield>
      </datafield>
      <datafield tag="650" ind1=" " ind2="3">
         <subfield code="a">aerial photography</subfield>
      </datafield>
      <datafield tag="650" ind1=" " ind2="3">
         <subfield code="a">biodiversity</subfield>
      </datafield>
      <datafield tag="650" ind1=" " ind2="3">
         <subfield code="a">cultural landscape</subfield>
      </datafield>
      <datafield tag="650" ind1=" " ind2="3">
         <subfield code="a">ecosystem services</subfield>
      </datafield>
      <datafield tag="650" ind1=" " ind2="3">
         <subfield code="a">geography</subfield>
      </datafield>
      <datafield tag="650" ind1=" " ind2="3">
         <subfield code="a">grasslands</subfield>
      </datafield>
      <datafield tag="650" ind1=" " ind2="3">
         <subfield code="a">land use</subfield>
      </datafield>
      <datafield tag="650" ind1=" " ind2="3">
         <subfield code="a">plowing</subfield>
      </datafield>
      <datafield tag="650" ind1=" " ind2="3">
         <subfield code="a">rangelands</subfield>
      </datafield>
      <datafield tag="650" ind1=" " ind2="3">
         <subfield code="a">risk</subfield>
      </datafield>
      <datafield tag="650" ind1=" " ind2="3">
         <subfield code="a">shrubs</subfield>
      </datafield>
      <datafield tag="650" ind1=" " ind2="3">
         <subfield code="a">silvopastoral systems</subfield>
      </datafield>
      <datafield tag="650" ind1=" " ind2="3">
         <subfield code="a">species recruitment</subfield>
      </datafield>
      <datafield tag="650" ind1=" " ind2="3">
         <subfield code="a">statistical models</subfield>
      </datafield>
      <datafield tag="650" ind1=" " ind2="3">
         <subfield code="a">trees</subfield>
      </datafield>
      <datafield tag="651" ind1=" " ind2="3">
         <subfield code="a">Spain</subfield>
      </datafield>
      <datafield tag="653" ind1=" " ind2="0">
         <subfield code="a">Dehesas</subfield>
      </datafield>
      <datafield tag="653" ind1=" " ind2="0">
         <subfield code="a">Montados</subfield>
      </datafield>
      <datafield tag="653" ind1=" " ind2="0">
         <subfield code="a">Quercus</subfield>
      </datafield>
      <datafield tag="653" ind1=" " ind2="0">
         <subfield code="a">Tree dynamics</subfield>
      </datafield>
      <datafield tag="653" ind1=" " ind2="0">
         <subfield code="a">Spatial pattern</subfield>
      </datafield>
      <datafield tag="700" ind1="1" ind2=" ">
         <subfield code="a">Lavado Contador, Joaquín Francisco</subfield>
         <subfield code="e">author</subfield>
         <subfield code="u">Grupo de Investigación Geo-Ambiental, Universidad de Extremadura, Avda. de
        la Universidad s/n, 10071, Cáceres, Spain</subfield>
      </datafield>
      <datafield tag="700" ind1="1" ind2=" ">
         <subfield code="a">Pulido, Manuel</subfield>
         <subfield code="e">author</subfield>
         <subfield code="u">Grupo de Investigación Geo-Ambiental, Universidad de Extremadura, Avda. de
        la Universidad s/n, 10071, Cáceres, Spain</subfield>
      </datafield>
      <datafield tag="700" ind1="1" ind2=" ">
         <subfield code="a">Schnabel, Susanne</subfield>
         <subfield code="e">author</subfield>
         <subfield code="u">Grupo de Investigación Geo-Ambiental, Universidad de Extremadura, Avda. de
        la Universidad s/n, 10071, Cáceres, Spain</subfield>
      </datafield>
      <datafield tag="773" ind1="0" ind2=" ">
         <subfield code="t">Applied geography.</subfield>
         <subfield code="g">2017 Oct., v. 87 p.170-183</subfield>
         <subfield code="d">Elsevier Ltd</subfield>
         <subfield code="w">Journal:11785</subfield>
         <subfield code="x">0143-6228</subfield>
         <subfield code="7">nnas</subfield>
      </datafield>
      <datafield tag="787" ind1="1" ind2=" ">
         <subfield code="o">islandora_article_repository</subfield>
      </datafield>
      <datafield tag="787" ind1="1" ind2=" ">
         <subfield code="o">product_pubag</subfield>
      </datafield>
      <datafield tag="787" ind1="1" ind2=" ">
         <subfield code="o">(Journal)11785</subfield>
      </datafield>
      <datafield tag="856" ind1="4" ind2="0">
         <subfield code="u">https://dx.doi.org/10.1016/j.apgeog.2017.08.011</subfield>
         <subfield code="3">Available from publisher's site</subfield>
      </datafield>
      <datafield tag="912" ind1=" " ind2=" ">
         <subfield code="a">Article</subfield>
      </datafield>
      <datafield tag="914" ind1=" " ind2=" ">
         <subfield code="a">Journal:11785</subfield>
         <subfield code="b">0143-6228</subfield>
      </datafield>
      <datafield tag="914" ind1=" " ind2=" ">
         <subfield code="f">Applied geography</subfield>
      </datafield>
      <datafield tag="916" ind1=" " ind2=" ">
         <subfield code="a">Batch:1853</subfield>
      </datafield>
      <datafield tag="917" ind1=" " ind2=" ">
         <subfield code="a">issued</subfield>
      </datafield>
      <datafield tag="918" ind1="2" ind2=" ">
         <subfield code="a">Elsevier Consyn</subfield>
         <subfield code="e">provider</subfield>
         <subfield code="5">DNAL</subfield>
      </datafield>
      <datafield tag="935" ind1=" " ind2=" ">
         <subfield code="a">IND605820122</subfield>
         <subfield code="9">ExL</subfield>
      </datafield>
      <datafield tag="949" ind1=" " ind2=" ">
         <subfield code="a">2019-03-18</subfield>
      </datafield>
      <datafield tag="953" ind1=" " ind2=" ">
         <subfield code="a">/data/metadata/incoming/consyn/46-2-00024-HEAD-ONLY.zip</subfield>
      </datafield>
      <datafield tag="954" ind1=" " ind2=" ">
         <subfield code="a">file:/data/metadata/staging/consyn/S0143622816305203.xml</subfield>
      </datafield>
      <datafield tag="955" ind1=" " ind2=" ">
         <subfield code="a">/data/metadata/staging/consyn/</subfield>
      </datafield>
      <datafield tag="974" ind1=" " ind2=" ">
         <subfield code="a">agid:5820122</subfield>
      </datafield>
      <datafield tag="983" ind1=" " ind2=" ">
         <subfield code="a">2019-03-18</subfield>
      </datafield>
      <datafield tag="984" ind1=" " ind2=" ">
         <subfield code="a">2019-03-18</subfield>
      </datafield>
   </record>