
   <!--Record: 155-->
   <record>
      <leader>04744nab a2200505 u 4500</leader>
      <controlfield tag="001">9915961200307426</controlfield>
      <controlfield tag="005">20221120031027.0</controlfield>
      <controlfield tag="008">921112e199208 xx |||||o|||||||||||eng||</controlfield>
      <datafield tag="016" ind1="7" ind2=" ">
         <subfield code="a">IND92069146</subfield>
         <subfield code="2">DNAL</subfield>
      </datafield>
      <datafield tag="035" ind1=" " ind2=" ">
         <subfield code="a">agid:1626909-01nal_inst</subfield>
      </datafield>
      <datafield tag="040" ind1=" " ind2=" ">
         <subfield code="a">AGL</subfield>
         <subfield code="b">eng</subfield>
         <subfield code="c">AGL</subfield>
      </datafield>
      <datafield tag="100" ind1="1" ind2=" ">
         <subfield code="a">Gottwald, T.R.</subfield>
      </datafield>
      <datafield tag="245" ind1="1" ind2="0">
         <subfield code="a">Spatial and spatiotemporal autocorrelation analysis of citrus canker
        epidemics in citrus nurseries and groves in Argentina</subfield>
      </datafield>
      <datafield tag="300" ind1=" " ind2=" ">
         <subfield code="a">p. 843-851.</subfield>
      </datafield>
      <datafield tag="520" ind1=" " ind2=" ">
         <subfield code="a">Spatial and spatiotemporal (ST) patterns of citrus canker were examined in
        three nurseries and two groves in Argentina. The center plant in each plot was inoculated
        with Xanthomonas campestris pv. citri, and disease was allowed to progress for two growing
        seasons. Disease assessments were made at about 21-day intervals. Final disease incidence
        was &gt;90% in all three nurseries and reached 69 and 89% for orange (Citrus sinensis) and
        grapefruit (C. X paradisi) groves, respectively. For nursery plots, each quadrat was
        represented by disease counts, i.e., the number of diseased leaves, in a six-plant row
        segment. For grove plots, each individual tree was considered a quadrat because of the large
        number of leaves per tree. Data from each assessment date were analyzed by spatial
        correlation analysis and by ST autocorrelation analysis. Changes in significantly correlated
        spatial lags closely followed the changes in the disease progress curves for each plot.
        Proximity patterns in all three nurseries changed little during the first three to four
        assessments and then became more complex, often with noncontiguous elements that indicated
        the formation of secondary foci. Noncontiguous elements remained until the last few
        assessments, when they eroded and the proximity patterns generally became larger and
        contiguous as the numerous foci coalesced. Disease incidence increased more rapidly in the
        grove plots than in the nursery plots. Spatial proximity patterns of disease for the
        grapefruit grove plot, corresponding to assessment dates immediately after a rainstorm with
        high winds, were elongated in the north-south direction. In contrast, spatial proximity
        patterns in the orange grove plot were more radially symmetrical until later in the
        epidemic, when they became more elongate in the north-south orientation and a few
        noncontiguous elements developed. ST autocorrelations and partial autocorrelations from the
        ST autocorrelation analysis of nurseries and groves were generally highest with a square
        proximity pattern. For citrus nurseries, ST autocorrelations and partial autocorrelations
        were consistent over time. ST autocorrelations decayed rapidly over spatial lags, but
        remained significant to four temporal lags. Therefore, the ST transfer function for citrus
        nurseries infected with citrus canker was represented by a ST autoregressive integrated
        moving-average (STARIMA) model, STARIMA(0,4,1,1). The ST partial autocorrelations were
        similar for both grove plots, indicating a similarity in the autoregressive components of
        each grove and, thus, a STARIMA model structure, but the two groves differed in inclusion of
        moving-average terms. For the orange grove, autocorrelations for the first temporal lag
        decayed slowly over the first three spatial lags, whereas the autocorrelation for the first
        temporal lag in the grapefruit grove decayed rapidly over spatial lags. Also, significant
        moving-average effects were estimated to extend to two temporal lags in the grapefruit grove
        data but to only one in the orange grove data. Thus, STARIMA model forms for the orange and
        grapefruit groves were estimated to be STARIMA(0,1,4,1) and STARIMA(0,2,1,2),
        respectively.</subfield>
      </datafield>
      <datafield tag="650" ind1=" " ind2="3">
         <subfield code="a">Citrus sinensis</subfield>
      </datafield>
      <datafield tag="650" ind1=" " ind2="3">
         <subfield code="a">Citrus paradisi</subfield>
      </datafield>
      <datafield tag="650" ind1=" " ind2="3">
         <subfield code="a">Poncirus trifoliata</subfield>
      </datafield>
      <datafield tag="650" ind1=" " ind2="3">
         <subfield code="a">Xanthomonas citri</subfield>
      </datafield>
      <datafield tag="650" ind1=" " ind2="3">
         <subfield code="a">pathogenicity</subfield>
      </datafield>
      <datafield tag="650" ind1=" " ind2="3">
         <subfield code="a">disease outbreaks</subfield>
      </datafield>
      <datafield tag="650" ind1=" " ind2="3">
         <subfield code="a">spatial distribution</subfield>
      </datafield>
      <datafield tag="650" ind1=" " ind2="3">
         <subfield code="a">correlation</subfield>
      </datafield>
      <datafield tag="650" ind1=" " ind2="3">
         <subfield code="a">disease surveys</subfield>
      </datafield>
      <datafield tag="651" ind1=" " ind2="3">
         <subfield code="a">Argentina</subfield>
      </datafield>
      <datafield tag="653" ind1=" " ind2="0">
         <subfield code="a">analysis</subfield>
      </datafield>
      <datafield tag="700" ind1="1" ind2=" ">
         <subfield code="a">Reynolds, K.M.</subfield>
      </datafield>
      <datafield tag="700" ind1="1" ind2=" ">
         <subfield code="a">Campbell, C.L.</subfield>
      </datafield>
      <datafield tag="700" ind1="1" ind2=" ">
         <subfield code="a">Timmer, L.W.</subfield>
      </datafield>
      <datafield tag="773" ind1="0" ind2=" ">
         <subfield code="t">Phytopathology.</subfield>
         <subfield code="g">1992 Aug., v. 82, no. 8 p.843-851</subfield>
         <subfield code="w">Journal:jnl44575</subfield>
         <subfield code="x">0031-949X</subfield>
         <subfield code="7">nnas</subfield>
      </datafield>
      <datafield tag="787" ind1="1" ind2=" ">
         <subfield code="o">islandora_article_repository</subfield>
      </datafield>
      <datafield tag="787" ind1="1" ind2=" ">
         <subfield code="o">(Journal)jnl44575</subfield>
      </datafield>
      <datafield tag="852" ind1=" " ind2=" ">
         <subfield code="a">DNAL</subfield>
      </datafield>
      <datafield tag="912" ind1=" " ind2=" ">
         <subfield code="a">Article</subfield>
      </datafield>
      <datafield tag="914" ind1=" " ind2=" ">
         <subfield code="a">Journal:jnl44575</subfield>
         <subfield code="c">82</subfield>
         <subfield code="d">8</subfield>
         <subfield code="e">843</subfield>
      </datafield>
      <datafield tag="914" ind1=" " ind2=" ">
         <subfield code="f">Phytopathology</subfield>
      </datafield>
      <datafield tag="917" ind1=" " ind2=" ">
         <subfield code="a">issued</subfield>
      </datafield>
      <datafield tag="935" ind1=" " ind2=" ">
         <subfield code="a">IND92069146</subfield>
         <subfield code="9">ExL</subfield>
      </datafield>
      <datafield tag="939" ind1=" " ind2=" ">
         <subfield code="a">00000000</subfield>
         <subfield code="b">19931102</subfield>
         <subfield code="c">00000000</subfield>
      </datafield>
      <datafield tag="946" ind1=" " ind2=" ">
         <subfield code="a">Other US</subfield>
      </datafield>
      <datafield tag="952" ind1=" " ind2=" ">
         <subfield code="a">00000000 19931102 00000000</subfield>
      </datafield>
      <datafield tag="974" ind1=" " ind2=" ">
         <subfield code="a">agid:1626909</subfield>
      </datafield>
      <datafield tag="984" ind1=" " ind2=" ">
         <subfield code="a">2019-05-09</subfield>
      </datafield>
      <datafield tag="985" ind1=" " ind2=" ">
         <subfield code="a">Converted from MARCXML to MODS version 3.4 using MARC21slim2MODS3-4.xsl
        (Revision 1.95 2014/04/23)</subfield>
      </datafield>
      <datafield tag="986" ind1=" " ind2=" ">
         <subfield code="a">2927989</subfield>
      </datafield>
   </record>