
   <!--Record: 158-->
   <record>
      <leader>05109nab a2200769 u 4500</leader>
      <controlfield tag="001">9915961464407426</controlfield>
      <controlfield tag="005">20221121055646.0</controlfield>
      <controlfield tag="008">131119e201312 xx |||||o|||||||||||eng||</controlfield>
      <datafield tag="016" ind1="7" ind2=" ">
         <subfield code="a">IND500707393</subfield>
         <subfield code="2">DNAL</subfield>
      </datafield>
      <datafield tag="024" ind1="7" ind2=" ">
         <subfield code="a">10.1007/s11295-013-0653-5</subfield>
         <subfield code="2">doi</subfield>
      </datafield>
      <datafield tag="035" ind1=" " ind2=" ">
         <subfield code="a">agid:614103-01nal_inst</subfield>
      </datafield>
      <datafield tag="040" ind1=" " ind2=" ">
         <subfield code="a">AGL</subfield>
         <subfield code="b">eng</subfield>
         <subfield code="c">AGL</subfield>
      </datafield>
      <datafield tag="100" ind1="1" ind2=" ">
         <subfield code="a">Vogt, Jörg</subfield>
         <subfield code="e">author</subfield>
         <subfield code="u">Institute for Breeding Research on Horticultural and Fruit Crops, Julius
        Kühn Institute (JKI), Pillnitzer Platz 3a, 01326, Dresden, Germany, </subfield>
      </datafield>
      <datafield tag="245" ind1="1" ind2="0">
         <subfield code="a">Identification of lipoxygenase (LOX) genes putatively involved in fruit
        flavour formation in apple (Malus × domestica)</subfield>
      </datafield>
      <datafield tag="300" ind1=" " ind2=" ">
         <subfield code="a">p. 1493-1511.</subfield>
      </datafield>
      <datafield tag="500" ind1=" " ind2=" ">
         <subfield code="a">2019-12-06</subfield>
      </datafield>
      <datafield tag="520" ind1=" " ind2=" ">
         <subfield code="a">Lipoxygenases (LOXs) are non-heme iron-containing enzymes that catalyse the
        dioxygenation of polyunsaturated fatty acids. The resulting hydroperoxides are further
        metabolized into biologically active oxylipins including jasmonic acid and green leaf
        volatiles (GLV) such as C6-aldehydes and C6-alcohols. LOXs are also known to play a decisive
        role in the production of volatiles that influence the flavour and aroma of fruits and
        vegetables. To obtain an overview of the inventory of the apple LOX gene family, the
        published Golden Delicious genome was mined for LOX coding sequences. In total, 23 putative
        functional LOX genes were identified and used for the construction of a phylogenetic tree.
        Two sub-trees were found which differentiate the LOX sequences into type 1- and type 2-LOXs.
        Their chromosomal locations were assigned to the predicted chromosomes of the assembled
        Golden Delicious genome sequence. Single LOX genes as well as clusters consisting of up to
        four genes were detected on apple chromosomes 2, 4, 5, 6, 7, 9, 11, 12, 13 and 16. LOX gene
        clusters on chromosomes 2 and 7, and on 4 and 12, respectively, indicated duplicated genome
        regions with high homology, which supports previous hypotheses of an ancient genome-wide
        duplication event in Malus. By using a PCR-based strategy, eight genes belonging to both
        type 1- and type 2-LOXs with altogether 30 full-length sequences were cloned. Several
        putative LOX alleles were detected within the same and among different apple cultivars. Two
        parental genetic maps available for ‘Discovery’ and ‘Prima’ were used for a quantitative
        trait locus (QTL) mapping experiment of apple volatile compounds known to be produced by the
        LOX biosynthetic pathway. The QTL detection resulted in a total number of 15 QTLs for eight
        volatiles (esters and the aldehyde hexanal) which were located on chromosomes 2, 7, 9 and 12
        determined in silico as carriers of at least one LOX gene. To examine the putative roles of
        apple LOX genes in fruit volatile production, the spatial and temporal expression patterns
        were analysed by RT-PCR-based transcription analyses of apple leaf and fruit tissues. Two
        genes, MdLOX1a and MdLOX5e, were identified as candidate genes to be involved in fruit aroma
        volatile production in apple. The genetic association of QTLs found for the GLV hexanal at
        the top of chromosome 7, three clustered MdLOX5 genes with a putative 13-LOX function and
        published apple aphid resistance factors located all in the same region of chromosome 7
        indicate that a lipoxygenase action might be involved in Malus aphid resistance
        reactions.</subfield>
      </datafield>
      <datafield tag="592" ind1=" " ind2=" ">
         <subfield code="a">Publisher supplied data</subfield>
      </datafield>
      <datafield tag="593" ind1=" " ind2=" ">
         <subfield code="a">PubAg article</subfield>
      </datafield>
      <datafield tag="650" ind1=" " ind2="3">
         <subfield code="a">vegetables</subfield>
      </datafield>
      <datafield tag="650" ind1=" " ind2="3">
         <subfield code="a">apples</subfield>
      </datafield>
      <datafield tag="650" ind1=" " ind2="3">
         <subfield code="a">alleles</subfield>
      </datafield>
      <datafield tag="650" ind1=" " ind2="3">
         <subfield code="a">phylogeny</subfield>
      </datafield>
      <datafield tag="650" ind1=" " ind2="3">
         <subfield code="a">odors</subfield>
      </datafield>
      <datafield tag="650" ind1=" " ind2="3">
         <subfield code="a">quantitative trait loci</subfield>
      </datafield>
      <datafield tag="650" ind1=" " ind2="3">
         <subfield code="a">jasmonic acid</subfield>
      </datafield>
      <datafield tag="650" ind1=" " ind2="3">
         <subfield code="a">esters</subfield>
      </datafield>
      <datafield tag="650" ind1=" " ind2="3">
         <subfield code="a">multigene family</subfield>
      </datafield>
      <datafield tag="650" ind1=" " ind2="3">
         <subfield code="a">leaves</subfield>
      </datafield>
      <datafield tag="650" ind1=" " ind2="3">
         <subfield code="a">crop production</subfield>
      </datafield>
      <datafield tag="650" ind1=" " ind2="3">
         <subfield code="a">cultivars</subfield>
      </datafield>
      <datafield tag="650" ind1=" " ind2="3">
         <subfield code="a">volatile compounds</subfield>
      </datafield>
      <datafield tag="650" ind1=" " ind2="3">
         <subfield code="a">chromosomes</subfield>
      </datafield>
      <datafield tag="650" ind1=" " ind2="3">
         <subfield code="a">linoleate 13S-lipoxygenase</subfield>
      </datafield>
      <datafield tag="650" ind1=" " ind2="3">
         <subfield code="a">flavor</subfield>
      </datafield>
      <datafield tag="650" ind1=" " ind2="3">
         <subfield code="a">Malus</subfield>
      </datafield>
      <datafield tag="650" ind1=" " ind2="3">
         <subfield code="a">hydroperoxides</subfield>
      </datafield>
      <datafield tag="650" ind1=" " ind2="3">
         <subfield code="a">Aphis pomi</subfield>
      </datafield>
      <datafield tag="650" ind1=" " ind2="3">
         <subfield code="a">fruits</subfield>
      </datafield>
      <datafield tag="650" ind1=" " ind2="3">
         <subfield code="a">oxylipins</subfield>
      </datafield>
      <datafield tag="650" ind1=" " ind2="3">
         <subfield code="a">nucleotide sequences</subfield>
      </datafield>
      <datafield tag="650" ind1=" " ind2="3">
         <subfield code="a">polyunsaturated fatty acids</subfield>
      </datafield>
      <datafield tag="653" ind1=" " ind2="0">
         <subfield code="a">lipoxygenase</subfield>
      </datafield>
      <datafield tag="700" ind1="1" ind2=" ">
         <subfield code="a">Schiller, Doreen</subfield>
         <subfield code="e">author</subfield>
      </datafield>
      <datafield tag="700" ind1="1" ind2=" ">
         <subfield code="a">Ulrich, Detlef</subfield>
         <subfield code="e">author</subfield>
      </datafield>
      <datafield tag="700" ind1="1" ind2=" ">
         <subfield code="a">Schwab, Wilfried</subfield>
         <subfield code="e">author</subfield>
      </datafield>
      <datafield tag="700" ind1="1" ind2=" ">
         <subfield code="a">Dunemann, Frank</subfield>
         <subfield code="e">author</subfield>
      </datafield>
      <datafield tag="773" ind1="0" ind2=" ">
         <subfield code="t">Tree genetics &amp; genomes.</subfield>
         <subfield code="g">2013 Dec., v. 9, no. 6 p.1493-1511</subfield>
         <subfield code="d">Springer-Verlag</subfield>
         <subfield code="x">1614-2942</subfield>
         <subfield code="7">nnas</subfield>
      </datafield>
      <datafield tag="787" ind1="1" ind2=" ">
         <subfield code="o">islandora_article_repository</subfield>
      </datafield>
      <datafield tag="787" ind1="1" ind2=" ">
         <subfield code="o">product_pubag</subfield>
      </datafield>
      <datafield tag="787" ind1="1" ind2=" ">
         <subfield code="o">(Journal)jnl3949857</subfield>
      </datafield>
      <datafield tag="856" ind1="4" ind2="0">
         <subfield code="u">http://dx.doi.org/10.1007/s11295-013-0653-5</subfield>
      </datafield>
      <datafield tag="912" ind1=" " ind2=" ">
         <subfield code="a">Article</subfield>
      </datafield>
      <datafield tag="914" ind1=" " ind2=" ">
         <subfield code="a">Journal:jnl3949857</subfield>
         <subfield code="b">1614-2942</subfield>
         <subfield code="c">9</subfield>
         <subfield code="d">6</subfield>
         <subfield code="e">1493</subfield>
      </datafield>
      <datafield tag="914" ind1=" " ind2=" ">
         <subfield code="f">Tree genetics &amp; genomes</subfield>
      </datafield>
      <datafield tag="917" ind1=" " ind2=" ">
         <subfield code="a">issued</subfield>
      </datafield>
      <datafield tag="918" ind1="2" ind2=" ">
         <subfield code="a">Springer</subfield>
         <subfield code="e">provider</subfield>
         <subfield code="5">DNAL</subfield>
      </datafield>
      <datafield tag="935" ind1=" " ind2=" ">
         <subfield code="a">IND500707393</subfield>
         <subfield code="9">ExL</subfield>
      </datafield>
      <datafield tag="949" ind1=" " ind2=" ">
         <subfield code="a">2014-03-19</subfield>
      </datafield>
      <datafield tag="951" ind1=" " ind2=" ">
         <subfield code="a">2013-11-19</subfield>
      </datafield>
      <datafield tag="953" ind1=" " ind2=" ">
         <subfield code="a">ftp_PUB_13-11-19_05-47-30.zip</subfield>
      </datafield>
      <datafield tag="962" ind1=" " ind2=" ">
         <subfield code="a">Batch:458 annotated on 2014-02-27T10:27:05Z</subfield>
      </datafield>
      <datafield tag="962" ind1=" " ind2=" ">
         <subfield code="a">Batch:458 reviewed on 2014-03-14T16:00:05Z</subfield>
      </datafield>
      <datafield tag="962" ind1=" " ind2=" ">
         <subfield code="a">Batch:458 reviewed on 2014-03-19T16:00:05Z</subfield>
      </datafield>
      <datafield tag="974" ind1=" " ind2=" ">
         <subfield code="a">agid:614103</subfield>
      </datafield>
      <datafield tag="983" ind1=" " ind2=" ">
         <subfield code="a">2013-11-19</subfield>
      </datafield>
      <datafield tag="984" ind1=" " ind2=" ">
         <subfield code="a">2013-11-19</subfield>
      </datafield>
   </record>