
   <!--Record: 159-->
   <record>
      <leader>04020nab a2200601 u 4500</leader>
      <controlfield tag="001">9915961612607426</controlfield>
      <controlfield tag="005">20221122141831.0</controlfield>
      <controlfield tag="008">171006e201710 xx |||||o|||||||||||eng||</controlfield>
      <datafield tag="016" ind1="7" ind2=" ">
         <subfield code="a">IND605827394</subfield>
         <subfield code="2">DNAL</subfield>
      </datafield>
      <datafield tag="024" ind1="7" ind2=" ">
         <subfield code="a">10.1111/1442-1984.12166</subfield>
         <subfield code="2">doi</subfield>
      </datafield>
      <datafield tag="035" ind1=" " ind2=" ">
         <subfield code="a">agid:5827394-01nal_inst</subfield>
      </datafield>
      <datafield tag="040" ind1=" " ind2=" ">
         <subfield code="a">AGL</subfield>
         <subfield code="b">eng</subfield>
         <subfield code="c">AGL</subfield>
      </datafield>
      <datafield tag="100" ind1="1" ind2=" ">
         <subfield code="a">Kuge, Ayami</subfield>
         <subfield code="e">author</subfield>
         <subfield code="u">Graduate School of Life and Environmental Sciences, Kyoto Prefectural
        University, Hangi‐cho 1‐5, Shimogamo, Sakyo‐ku, Kyoto, 606‐8522, Japan</subfield>
      </datafield>
      <datafield tag="245" ind1="1" ind2="0">
         <subfield code="a">Aggregated recruitment patterns under adult crowns in Photinia glabra, a
        bird‐dispersed tree species</subfield>
      </datafield>
      <datafield tag="300" ind1=" " ind2=" ">
         <subfield code="a">p. 348-358.</subfield>
      </datafield>
      <datafield tag="500" ind1=" " ind2=" ">
         <subfield code="a">JOURNAL ARTICLE</subfield>
      </datafield>
      <datafield tag="520" ind1=" " ind2=" ">
         <subfield code="a">To clarify recruitment patterns of Photinia glabra, which is an evergreen,
        broad‐leaved, bird‐dispersed tree species, we analyzed spatial distribution in P. glabra
        recruits at each growth stage and demography of current‐year seedlings with respect to
        distributions of adults in a warm‐temperate secondary forest, western Japan. Although
        individuals ≥ 5 cm diameter at breast height (DBH) that had nearly produced fruits showed a
        random distribution, seedlings (≥ 1 year old, &lt; 10‐cm stem length [SL]), small saplings
        (10 ≤ SL &lt; 30 cm) and large saplings (≥ 30‐cm SL, &lt; 5‐cm DBH) were clumped and
        associated with reproductive adults at approximately 2–3‐m scales, nearly equal to their
        average crown radius. Based on monitoring the demography of current‐year seedlings, emerged
        seedling density profoundly decreased, and no seedlings survived at longer than an adult's
        crown scales, with distance‐dependent mortality as a result of disease and herbivory not
        greatly affecting the current‐year seedling mortality. Thus, aggregated seed dispersal under
        the crown of adult P. glabra would directly influence the distribution of recruits for P.
        glabra in this forest. Of the bird‐dispersed tree species in this forest, P. glabra produced
        the highest amount of fruits during large crop years, and their fruits ripened during the
        late seasonal period (early January), suggesting that birds might be strongly attracted to
        these species, in turn leading to seeds being deposited mostly under the tree crowns. We
        propose that dispersal limitation would occur, even in a bird‐dispersed tree species such as
        P. glabra, owing to plant–bird interactions in the forest.</subfield>
      </datafield>
      <datafield tag="592" ind1=" " ind2=" ">
         <subfield code="a">Publisher supplied data</subfield>
      </datafield>
      <datafield tag="593" ind1=" " ind2=" ">
         <subfield code="a">PubAg article</subfield>
      </datafield>
      <datafield tag="650" ind1=" " ind2="3">
         <subfield code="a">Photinia</subfield>
      </datafield>
      <datafield tag="650" ind1=" " ind2="3">
         <subfield code="a">adults</subfield>
      </datafield>
      <datafield tag="650" ind1=" " ind2="3">
         <subfield code="a">birds</subfield>
      </datafield>
      <datafield tag="650" ind1=" " ind2="3">
         <subfield code="a">demography</subfield>
      </datafield>
      <datafield tag="650" ind1=" " ind2="3">
         <subfield code="a">fruits</subfield>
      </datafield>
      <datafield tag="650" ind1=" " ind2="3">
         <subfield code="a">herbivores</subfield>
      </datafield>
      <datafield tag="650" ind1=" " ind2="3">
         <subfield code="a">monitoring</subfield>
      </datafield>
      <datafield tag="650" ind1=" " ind2="3">
         <subfield code="a">mortality</subfield>
      </datafield>
      <datafield tag="650" ind1=" " ind2="3">
         <subfield code="a">saplings</subfield>
      </datafield>
      <datafield tag="650" ind1=" " ind2="3">
         <subfield code="a">secondary forests</subfield>
      </datafield>
      <datafield tag="650" ind1=" " ind2="3">
         <subfield code="a">seed dispersal</subfield>
      </datafield>
      <datafield tag="650" ind1=" " ind2="3">
         <subfield code="a">seedlings</subfield>
      </datafield>
      <datafield tag="650" ind1=" " ind2="3">
         <subfield code="a">seeds</subfield>
      </datafield>
      <datafield tag="650" ind1=" " ind2="3">
         <subfield code="a">tree and stand measurements</subfield>
      </datafield>
      <datafield tag="651" ind1=" " ind2="3">
         <subfield code="a">Japan</subfield>
      </datafield>
      <datafield tag="700" ind1="1" ind2=" ">
         <subfield code="a">Hirayama, Kimiko</subfield>
         <subfield code="e">author</subfield>
         <subfield code="u">Graduate School of Life and Environmental Sciences, Kyoto Prefectural
        University, Hangi‐cho 1‐5, Shimogamo, Sakyo‐ku, Kyoto, 606‐8522, Japan</subfield>
      </datafield>
      <datafield tag="773" ind1="0" ind2=" ">
         <subfield code="t">Plant species biology.</subfield>
         <subfield code="g">2017 Oct., v. 32, no. 4 p.348-358</subfield>
         <subfield code="d">John Wiley &amp; Sons Australia, Ltd</subfield>
         <subfield code="x">0913-557X</subfield>
         <subfield code="7">nnas</subfield>
      </datafield>
      <datafield tag="787" ind1="1" ind2=" ">
         <subfield code="o">islandora_article_repository</subfield>
      </datafield>
      <datafield tag="787" ind1="1" ind2=" ">
         <subfield code="o">product_pubag</subfield>
      </datafield>
      <datafield tag="787" ind1="1" ind2=" ">
         <subfield code="o">(Journal)jnl59273</subfield>
      </datafield>
      <datafield tag="856" ind1="4" ind2="0">
         <subfield code="u">http://dx.doi.org/10.1111/1442-1984.12166</subfield>
         <subfield code="3">Available from publisher's site</subfield>
      </datafield>
      <datafield tag="912" ind1=" " ind2=" ">
         <subfield code="a">Article</subfield>
      </datafield>
      <datafield tag="914" ind1=" " ind2=" ">
         <subfield code="a">Journal:jnl59273</subfield>
         <subfield code="b">0913-557X</subfield>
         <subfield code="c">32</subfield>
         <subfield code="d">4</subfield>
         <subfield code="e">348</subfield>
      </datafield>
      <datafield tag="914" ind1=" " ind2=" ">
         <subfield code="f">Plant species biology</subfield>
      </datafield>
      <datafield tag="916" ind1=" " ind2=" ">
         <subfield code="a">Batch:1843</subfield>
      </datafield>
      <datafield tag="917" ind1=" " ind2=" ">
         <subfield code="a">issued</subfield>
      </datafield>
      <datafield tag="918" ind1="2" ind2=" ">
         <subfield code="a">John Wiley &amp; Sons, Inc</subfield>
         <subfield code="e">provider</subfield>
         <subfield code="5">DNAL</subfield>
      </datafield>
      <datafield tag="935" ind1=" " ind2=" ">
         <subfield code="a">IND605827394</subfield>
         <subfield code="9">ExL</subfield>
      </datafield>
      <datafield tag="949" ind1=" " ind2=" ">
         <subfield code="a">2017-12-07</subfield>
      </datafield>
      <datafield tag="953" ind1=" " ind2=" ">
         <subfield code="a">0913557X_2017_32_4.xml</subfield>
      </datafield>
      <datafield tag="962" ind1=" " ind2=" ">
         <subfield code="a">Batch:1843 reviewed on 2017-12-07T15:00:03Z</subfield>
      </datafield>
      <datafield tag="974" ind1=" " ind2=" ">
         <subfield code="a">agid:5827394</subfield>
      </datafield>
      <datafield tag="983" ind1=" " ind2=" ">
         <subfield code="a">2017-10-06</subfield>
      </datafield>
      <datafield tag="984" ind1=" " ind2=" ">
         <subfield code="a">2017-12-07</subfield>
      </datafield>
   </record>