
   <!--Record: 161-->
   <record>
      <leader>04719nab a2200697 u 4500</leader>
      <controlfield tag="001">9915962460607426</controlfield>
      <controlfield tag="005">20221122171433.0</controlfield>
      <controlfield tag="008">190830e20190826xx |||||o|||||||||||eng||</controlfield>
      <datafield tag="016" ind1="7" ind2=" ">
         <subfield code="a">IND606616121</subfield>
         <subfield code="2">DNAL</subfield>
      </datafield>
      <datafield tag="024" ind1="7" ind2=" ">
         <subfield code="a">10.1016/j.foreco.2019.117575</subfield>
         <subfield code="2">doi</subfield>
      </datafield>
      <datafield tag="035" ind1=" " ind2=" ">
         <subfield code="a">agid:6616121-01nal_inst</subfield>
      </datafield>
      <datafield tag="040" ind1=" " ind2=" ">
         <subfield code="a">AGL</subfield>
         <subfield code="b">eng</subfield>
         <subfield code="c">AGL</subfield>
      </datafield>
      <datafield tag="100" ind1="1" ind2=" ">
         <subfield code="a">Martiniano de Oliveira Silveira, Eduarda</subfield>
         <subfield code="e">author</subfield>
         <subfield code="u">Forest Science Department, Federal University of Lavras, Lavras, Minas
        Gerais, Brazil</subfield>
      </datafield>
      <datafield tag="245" ind1="1" ind2="0">
         <subfield code="a">Carbon-diversity hotspots and their owners in Brazilian Southeastern
        Savanna, Atlantic Forest and Semi-Arid Woodland domains</subfield>
      </datafield>
      <datafield tag="500" ind1=" " ind2=" ">
         <subfield code="a">Pre-press version</subfield>
      </datafield>
      <datafield tag="520" ind1=" " ind2=" ">
         <subfield code="a">Tropical vegetation provides a myriad of ecosystem services and at the same
        time is highly threatened. This creates a demand for more efficient conservation strategies
        that focus on multiple benefits at once. For instance, conservation actions that deliver
        returns for both aboveground carbon (AGC) and tree species diversity (TSD) would be an
        advance when compared to carbon-focused initiatives. Here we address this issue by
        identifying AGC-TSD hotspots in Savanna, Atlantic Forest and Semi-Arid Woodland vegetation
        domains in southeast Brazil. We modelled Fisher’s alpha as an indicator of TSD, using remote
        sensing, climate and terrain-related data to train the random forests algorithm. We thus
        defined, mapped and characterized the areas that deliver returns for both AGC and TSD
        (“hotspots”), identifying the hotspots owners (whether within public or private lands). Our
        results suggest that among the group of predictor variables, precipitation, valley depth,
        Normalized Difference Vegetation Index (NDVI) and tree cover percent, are the main
        indicators of diversity across the state. The spatial patterns of carbon and diversity
        roughly coincide and indicate that Atlantic Forest has higher values for both indicators.
        AGC and TSD are weak related, so there is a potential risk for biodiversity if only a
        carbon-focused conservation approaches are considered across the studied domains. We
        estimate that 61% of the hotspots are located in unprotected areas within private properties
        making them highly susceptible to loss. Together, these hotspots account for 6,131,453 Mg of
        AGC and show mean values of Fisheŕs alpha of approximately 26. Our study reinforces the need
        to select natural areas on private lands to be considered as priority areas for
        protection..</subfield>
      </datafield>
      <datafield tag="592" ind1=" " ind2=" ">
         <subfield code="a">Publisher supplied data</subfield>
      </datafield>
      <datafield tag="593" ind1=" " ind2=" ">
         <subfield code="a">PubAg article</subfield>
      </datafield>
      <datafield tag="650" ind1=" " ind2="3">
         <subfield code="a">algorithms</subfield>
      </datafield>
      <datafield tag="650" ind1=" " ind2="3">
         <subfield code="a">carbon</subfield>
      </datafield>
      <datafield tag="650" ind1=" " ind2="3">
         <subfield code="a">climate</subfield>
      </datafield>
      <datafield tag="650" ind1=" " ind2="3">
         <subfield code="a">ecosystem services</subfield>
      </datafield>
      <datafield tag="650" ind1=" " ind2="3">
         <subfield code="a">forests</subfield>
      </datafield>
      <datafield tag="650" ind1=" " ind2="3">
         <subfield code="a">normalized difference vegetation index</subfield>
      </datafield>
      <datafield tag="650" ind1=" " ind2="3">
         <subfield code="a">private lands</subfield>
      </datafield>
      <datafield tag="650" ind1=" " ind2="3">
         <subfield code="a">remote sensing</subfield>
      </datafield>
      <datafield tag="650" ind1=" " ind2="3">
         <subfield code="a">risk</subfield>
      </datafield>
      <datafield tag="650" ind1=" " ind2="3">
         <subfield code="a">savannas</subfield>
      </datafield>
      <datafield tag="650" ind1=" " ind2="3">
         <subfield code="a">species diversity</subfield>
      </datafield>
      <datafield tag="650" ind1=" " ind2="3">
         <subfield code="a">trees</subfield>
      </datafield>
      <datafield tag="650" ind1=" " ind2="3">
         <subfield code="a">woodlands</subfield>
      </datafield>
      <datafield tag="651" ind1=" " ind2="3">
         <subfield code="a">Brazil</subfield>
      </datafield>
      <datafield tag="653" ind1=" " ind2="0">
         <subfield code="a">Co-beneficial conservation</subfield>
      </datafield>
      <datafield tag="653" ind1=" " ind2="0">
         <subfield code="a">aboveground carbon</subfield>
      </datafield>
      <datafield tag="653" ind1=" " ind2="0">
         <subfield code="a">tree species diversity</subfield>
      </datafield>
      <datafield tag="653" ind1=" " ind2="0">
         <subfield code="a">terrain-data</subfield>
      </datafield>
      <datafield tag="700" ind1="1" ind2=" ">
         <subfield code="a">de Castro Nunes Santos Terra, Marcela</subfield>
         <subfield code="e">author</subfield>
         <subfield code="u">Forest Science Department, Federal University of Lavras, Lavras, Minas
        Gerais, Brazil</subfield>
      </datafield>
      <datafield tag="700" ind1="1" ind2=" ">
         <subfield code="a">ter Steege, Hans</subfield>
         <subfield code="e">author</subfield>
         <subfield code="u">Naturalis Biodiversity Center, Vondellaan 55, Postbus 9517, 2300 RA,
        Leiden, The Netherlands</subfield>
      </datafield>
      <datafield tag="700" ind1="1" ind2=" ">
         <subfield code="a">Eiji Maeda, Eduardo</subfield>
         <subfield code="e">author</subfield>
         <subfield code="u">Department of Geosciences and Geography, Faculty of Science, University of
        Helsinki, Helsinki, Finland</subfield>
      </datafield>
      <datafield tag="700" ind1="1" ind2=" ">
         <subfield code="a">Weimar Acerbi Júnior, Fausto</subfield>
         <subfield code="e">author</subfield>
         <subfield code="u">Forest Science Department, Federal University of Lavras, Lavras, Minas
        Gerais, Brazil</subfield>
      </datafield>
      <datafield tag="700" ind1="1" ind2=" ">
         <subfield code="a">Roberto Soares Scolforo, Jose</subfield>
         <subfield code="e">author</subfield>
         <subfield code="u">Forest Science Department, Federal University of Lavras, Lavras, Minas
        Gerais, Brazil</subfield>
      </datafield>
      <datafield tag="773" ind1="0" ind2=" ">
         <subfield code="t">Forest ecology and management.</subfield>
         <subfield code="g">2019 Aug. 26, </subfield>
         <subfield code="d">Elsevier B.V.</subfield>
         <subfield code="w">Journal:jnl9013</subfield>
         <subfield code="x">0378-1127</subfield>
         <subfield code="7">nnas</subfield>
      </datafield>
      <datafield tag="787" ind1="1" ind2=" ">
         <subfield code="o">islandora_article_repository</subfield>
      </datafield>
      <datafield tag="787" ind1="1" ind2=" ">
         <subfield code="o">product_pubag</subfield>
      </datafield>
      <datafield tag="787" ind1="1" ind2=" ">
         <subfield code="o">(Journal)jnl9013</subfield>
      </datafield>
      <datafield tag="856" ind1="4" ind2="0">
         <subfield code="u">https://dx.doi.org/10.1016/j.foreco.2019.117575</subfield>
         <subfield code="3">Available from publisher's site</subfield>
      </datafield>
      <datafield tag="912" ind1=" " ind2=" ">
         <subfield code="a">Article</subfield>
      </datafield>
      <datafield tag="914" ind1=" " ind2=" ">
         <subfield code="a">Journal:jnl9013</subfield>
         <subfield code="b">0378-1127</subfield>
      </datafield>
      <datafield tag="914" ind1=" " ind2=" ">
         <subfield code="f">Forest ecology and management</subfield>
      </datafield>
      <datafield tag="916" ind1=" " ind2=" ">
         <subfield code="a">Batch:2334</subfield>
      </datafield>
      <datafield tag="917" ind1=" " ind2=" ">
         <subfield code="a">issued</subfield>
      </datafield>
      <datafield tag="918" ind1="2" ind2=" ">
         <subfield code="a">Elsevier Consyn</subfield>
         <subfield code="e">provider</subfield>
         <subfield code="5">DNAL</subfield>
      </datafield>
      <datafield tag="935" ind1=" " ind2=" ">
         <subfield code="a">IND606616121</subfield>
         <subfield code="9">ExL</subfield>
      </datafield>
      <datafield tag="949" ind1=" " ind2=" ">
         <subfield code="a">2019-10-18</subfield>
      </datafield>
      <datafield tag="953" ind1=" " ind2=" ">
         <subfield code="a">/data/metadata/incoming/consyn/110479643476753685-00003-HEAD-ONLY-NEW
        CONSYN ISSNS.zip</subfield>
      </datafield>
      <datafield tag="954" ind1=" " ind2=" ">
         <subfield code="a">file:/data/metadata/staging/consyn/S0378112719309624.xml</subfield>
      </datafield>
      <datafield tag="955" ind1=" " ind2=" ">
         <subfield code="a">/data/metadata/staging/consyn/</subfield>
      </datafield>
      <datafield tag="962" ind1=" " ind2=" ">
         <subfield code="a">Batch:2334 reviewed on 2019-10-18T11:00:03Z</subfield>
      </datafield>
      <datafield tag="974" ind1=" " ind2=" ">
         <subfield code="a">agid:6616121</subfield>
      </datafield>
      <datafield tag="983" ind1=" " ind2=" ">
         <subfield code="a">2019-08-30</subfield>
      </datafield>
      <datafield tag="984" ind1=" " ind2=" ">
         <subfield code="a">2019-10-18</subfield>
      </datafield>
   </record>