
   <!--Record: 162-->
   <record>
      <leader>04138nab a2200529 u 4500</leader>
      <controlfield tag="001">9915962896407426</controlfield>
      <controlfield tag="005">20221122035842.0</controlfield>
      <controlfield tag="008">180702e201805 xx |||||o|||||||||||eng||</controlfield>
      <datafield tag="016" ind1="7" ind2=" ">
         <subfield code="a">IND606000517</subfield>
         <subfield code="2">DNAL</subfield>
      </datafield>
      <datafield tag="024" ind1="7" ind2=" ">
         <subfield code="a">10.1002/ecs2.2213</subfield>
         <subfield code="2">doi</subfield>
      </datafield>
      <datafield tag="035" ind1=" " ind2=" ">
         <subfield code="a">agid:6000517-01nal_inst</subfield>
      </datafield>
      <datafield tag="040" ind1=" " ind2=" ">
         <subfield code="a">AGL</subfield>
         <subfield code="b">eng</subfield>
         <subfield code="c">AGL</subfield>
      </datafield>
      <datafield tag="100" ind1="1" ind2=" ">
         <subfield code="a">Bar‐Massada, Avi</subfield>
         <subfield code="e">author</subfield>
         <subfield code="u">Tiantong National Station for Forest Ecosystem Research, School of
        Ecological and Environmental Sciences, East China Normal University, Shanghai, 200241,
        China</subfield>
      </datafield>
      <datafield tag="245" ind1="1" ind2="0">
         <subfield code="a">Tree species co‐occurrence patterns change across grains: insights from a
        subtropical forest</subfield>
      </datafield>
      <datafield tag="500" ind1=" " ind2=" ">
         <subfield code="a">JOURNAL ARTICLE</subfield>
      </datafield>
      <datafield tag="520" ind1=" " ind2=" ">
         <subfield code="a">Co‐occurrence is a basic measure of spatial relationships between species.
        This commonly used measure has many benefits and limitations, yet a basic property that can
        strongly affect it has been overlooked. Co‐occurrence analysis is based on discrete sampling
        in space, and therefore, its grain size may affect the results and their interpretation,
        because species interactions and their environmental responses are scale‐dependent. We
        utilized a large dataset on tree species from a full‐stem mapped forest plot in China as a
        template for testing the effects of grain on species co‐occurrence patterns. We quantified
        co‐occurrence patterns for large trees and saplings in nested sampling plots with increasing
        radii and analyzed the effect of plot size on co‐occurrence. Co‐occurrence patterns varied
        greatly across grains. More than half of the species in large trees we analyzed had
        significantly non‐random co‐occurrence patterns at some grain. In contrast, saplings
        exhibited much fewer non‐random co‐occurrences. The proportion of segregated species pairs
        of large trees had a unimodal relationship with grain, whereas the proportion of aggregated
        species was positively related to grain. These patterns disappeared in saplings, suggesting
        that spatial interactions among trees are more prominent among larger individuals.
        Therefore, co‐occurrence patterns are scale‐dependent, and this scale dependency reflects a
        mixture of ecological (interspecific interactions, environmental responses) and statistical
        (sampling effects) processes. Our results suggest that insights from single‐grained studies
        cannot be generalized.</subfield>
      </datafield>
      <datafield tag="592" ind1=" " ind2=" ">
         <subfield code="a">Publisher supplied data</subfield>
      </datafield>
      <datafield tag="593" ind1=" " ind2=" ">
         <subfield code="a">PubAg article</subfield>
      </datafield>
      <datafield tag="650" ind1=" " ind2="3">
         <subfield code="a">data collection</subfield>
      </datafield>
      <datafield tag="650" ind1=" " ind2="3">
         <subfield code="a">sampling</subfield>
      </datafield>
      <datafield tag="650" ind1=" " ind2="3">
         <subfield code="a">saplings</subfield>
      </datafield>
      <datafield tag="650" ind1=" " ind2="3">
         <subfield code="a">spatial variation</subfield>
      </datafield>
      <datafield tag="650" ind1=" " ind2="3">
         <subfield code="a">tropical forests</subfield>
      </datafield>
      <datafield tag="651" ind1=" " ind2="3">
         <subfield code="a">China</subfield>
      </datafield>
      <datafield tag="700" ind1="1" ind2=" ">
         <subfield code="a">Yang, Qingsong</subfield>
         <subfield code="e">author</subfield>
         <subfield code="u">Tiantong National Station for Forest Ecosystem Research, School of
        Ecological and Environmental Sciences, East China Normal University, Shanghai, 200241,
        China</subfield>
      </datafield>
      <datafield tag="700" ind1="1" ind2=" ">
         <subfield code="a">Shen, Guochun</subfield>
         <subfield code="e">author</subfield>
         <subfield code="u">Tiantong National Station for Forest Ecosystem Research, School of
        Ecological and Environmental Sciences, East China Normal University, Shanghai, 200241,
        China</subfield>
      </datafield>
      <datafield tag="700" ind1="1" ind2=" ">
         <subfield code="a">Wang, Xihua</subfield>
         <subfield code="e">author</subfield>
         <subfield code="u">Tiantong National Station for Forest Ecosystem Research, School of
        Ecological and Environmental Sciences, East China Normal University, Shanghai, 200241,
        China</subfield>
      </datafield>
      <datafield tag="773" ind1="0" ind2=" ">
         <subfield code="t">Ecosphere.</subfield>
         <subfield code="g">2018 May, v. 9, no. 5 p.e02213-</subfield>
         <subfield code="d">John Wiley &amp; Sons, Ltd</subfield>
         <subfield code="w">Journal:12363</subfield>
         <subfield code="x">2150-8925</subfield>
         <subfield code="7">nnas</subfield>
      </datafield>
      <datafield tag="787" ind1="1" ind2=" ">
         <subfield code="o">islandora_article_repository</subfield>
      </datafield>
      <datafield tag="787" ind1="1" ind2=" ">
         <subfield code="o">product_pubag</subfield>
      </datafield>
      <datafield tag="787" ind1="1" ind2=" ">
         <subfield code="o">(Journal)12363</subfield>
      </datafield>
      <datafield tag="856" ind1="4" ind2="0">
         <subfield code="u">http://dx.doi.org/10.1002/ecs2.2213</subfield>
         <subfield code="3">Available from publisher's site</subfield>
      </datafield>
      <datafield tag="912" ind1=" " ind2=" ">
         <subfield code="a">Article</subfield>
      </datafield>
      <datafield tag="914" ind1=" " ind2=" ">
         <subfield code="a">Journal:12363</subfield>
         <subfield code="b">2150-8925</subfield>
         <subfield code="c">9</subfield>
         <subfield code="d">5</subfield>
         <subfield code="e">e02213</subfield>
      </datafield>
      <datafield tag="914" ind1=" " ind2=" ">
         <subfield code="f">Ecosphere</subfield>
      </datafield>
      <datafield tag="916" ind1=" " ind2=" ">
         <subfield code="a">Batch:2030</subfield>
      </datafield>
      <datafield tag="917" ind1=" " ind2=" ">
         <subfield code="a">issued</subfield>
      </datafield>
      <datafield tag="918" ind1="2" ind2=" ">
         <subfield code="a">John Wiley &amp; Sons, Inc</subfield>
         <subfield code="e">provider</subfield>
         <subfield code="5">DNAL</subfield>
      </datafield>
      <datafield tag="935" ind1=" " ind2=" ">
         <subfield code="a">IND606000517</subfield>
         <subfield code="9">ExL</subfield>
      </datafield>
      <datafield tag="949" ind1=" " ind2=" ">
         <subfield code="a">2018-08-16</subfield>
      </datafield>
      <datafield tag="953" ind1=" " ind2=" ">
         <subfield code="a">/data/metadata/incoming/wiley/21508925_2018_9_5.xml</subfield>
      </datafield>
      <datafield tag="954" ind1=" " ind2=" ">
         <subfield code="a">file:/data/metadata/staging/wiley/21508925_2018_9_5.xml</subfield>
      </datafield>
      <datafield tag="955" ind1=" " ind2=" ">
         <subfield code="a">/data/metadata/staging/wiley/</subfield>
      </datafield>
      <datafield tag="962" ind1=" " ind2=" ">
         <subfield code="a">Batch:2030 reviewed on 2018-08-16T16:00:03Z</subfield>
      </datafield>
      <datafield tag="974" ind1=" " ind2=" ">
         <subfield code="a">agid:6000517</subfield>
      </datafield>
      <datafield tag="983" ind1=" " ind2=" ">
         <subfield code="a">2018-07-02</subfield>
      </datafield>
      <datafield tag="984" ind1=" " ind2=" ">
         <subfield code="a">2018-08-16</subfield>
      </datafield>
   </record>