
   <!--Record: 163-->
   <record>
      <leader>04201nab a2200613 u 4500</leader>
      <controlfield tag="001">9915963068707426</controlfield>
      <controlfield tag="005">20221117183102.0</controlfield>
      <controlfield tag="008">180202e201802 xx |||||o|||||||||||eng||</controlfield>
      <datafield tag="016" ind1="7" ind2=" ">
         <subfield code="a">IND605890902</subfield>
         <subfield code="2">DNAL</subfield>
      </datafield>
      <datafield tag="024" ind1="7" ind2=" ">
         <subfield code="a">10.1111/ecog.02192</subfield>
         <subfield code="2">doi</subfield>
      </datafield>
      <datafield tag="035" ind1=" " ind2=" ">
         <subfield code="a">agid:5890902-01nal_inst</subfield>
      </datafield>
      <datafield tag="040" ind1=" " ind2=" ">
         <subfield code="a">AGL</subfield>
         <subfield code="b">eng</subfield>
         <subfield code="c">AGL</subfield>
      </datafield>
      <datafield tag="100" ind1="1" ind2=" ">
         <subfield code="a">Zizka, Alexander</subfield>
         <subfield code="e">author</subfield>
         <subfield code="u">Univ. of Gothenburg, Dept of Biological and Environmental Sciences,
        Gothenburg, Sweden. AA also at: Gothenburg Botanical Garden, Gothenburg, Sweden and
        Gothenburg Global Biodiversity Center, Gothenburg, Sweden</subfield>
      </datafield>
      <datafield tag="245" ind1="1" ind2="0">
         <subfield code="a">Finding needles in the haystack: where to look for rare species in the
        American tropics</subfield>
      </datafield>
      <datafield tag="300" ind1=" " ind2=" ">
         <subfield code="a">p. 321-330.</subfield>
      </datafield>
      <datafield tag="500" ind1=" " ind2=" ">
         <subfield code="a">JOURNAL ARTICLE</subfield>
      </datafield>
      <datafield tag="520" ind1=" " ind2=" ">
         <subfield code="a">Tropical America (the Neotropics) harbours more plant species than any
        other region on Earth. The contribution of rare species to this diversity has been recently
        recognised, but their spatial distribution remains poorly understood. Here, we use all
        collection records of angiosperms from the Global Biodiversity Information Facility to
        delineate Neotropical bioregions, and to identify putatively rare species within the
        Neotropics and the Amazonian rainforest. We analyse the spatial distribution of these
        species and validate the results on a largely independent dataset based on vegetation plots
        from the Amazon Tree Diversity Network. We find that rare species are homogeneously
        distributed through most parts of the lowland Neotropics and Amazonia, but more concentrated
        in highlands. The second collection of any rare species is most often found in the close
        vicinity of the first, but in 20% of cases they are more than 580 km apart. We also find
        cross‐taxonomic patterns of disjunct distributions within the Andes, the Atlantic forest in
        eastern Brazil, and between Amazonia and the Atlantic forest, but no clear disjunction
        patterns within lowland areas. These results suggest that a considerable proportion of rare
        plant species have surprisingly large distribution ranges, and that collections of rare
        species across most of the lowland Neotropics, and in particular in Amazonia, show no clear
        directionality. The second record of many rare species may be found virtually anywhere,
        urging the need for intensifying and broadening biological sampling.</subfield>
      </datafield>
      <datafield tag="592" ind1=" " ind2=" ">
         <subfield code="a">Publisher supplied data</subfield>
      </datafield>
      <datafield tag="593" ind1=" " ind2=" ">
         <subfield code="a">PubAg article</subfield>
      </datafield>
      <datafield tag="650" ind1=" " ind2="3">
         <subfield code="a">Angiospermae</subfield>
      </datafield>
      <datafield tag="650" ind1=" " ind2="3">
         <subfield code="a">Neotropics</subfield>
      </datafield>
      <datafield tag="650" ind1=" " ind2="3">
         <subfield code="a">biodiversity</subfield>
      </datafield>
      <datafield tag="650" ind1=" " ind2="3">
         <subfield code="a">data collection</subfield>
      </datafield>
      <datafield tag="650" ind1=" " ind2="3">
         <subfield code="a">highlands</subfield>
      </datafield>
      <datafield tag="650" ind1=" " ind2="3">
         <subfield code="a">lowlands</subfield>
      </datafield>
      <datafield tag="650" ind1=" " ind2="3">
         <subfield code="a">plants (botany)</subfield>
      </datafield>
      <datafield tag="650" ind1=" " ind2="3">
         <subfield code="a">rain forests</subfield>
      </datafield>
      <datafield tag="650" ind1=" " ind2="3">
         <subfield code="a">rare species</subfield>
      </datafield>
      <datafield tag="651" ind1=" " ind2="3">
         <subfield code="a">Amazonia</subfield>
      </datafield>
      <datafield tag="651" ind1=" " ind2="3">
         <subfield code="a">Andes region</subfield>
      </datafield>
      <datafield tag="651" ind1=" " ind2="3">
         <subfield code="a">Brazil</subfield>
      </datafield>
      <datafield tag="700" ind1="1" ind2=" ">
         <subfield code="a">Steege, Hans ter</subfield>
         <subfield code="e">author</subfield>
         <subfield code="u">Naturalis Biodiversity Center, Leiden, the Netherlands</subfield>
      </datafield>
      <datafield tag="700" ind1="1" ind2=" ">
         <subfield code="a">Pessoa, Maria do Céo R.</subfield>
         <subfield code="e">author</subfield>
         <subfield code="u">Univ. Federal de Pernambuco, CCB, Depto Botânica, Recife, Brazil, and Univ.
        Federal da Paraíba, Centro de Ciências Exatas e da Natureza, Depto Sistemática e Ecologia,
        PB, Brazil</subfield>
      </datafield>
      <datafield tag="700" ind1="1" ind2=" ">
         <subfield code="a">Antonelli, Alexandre</subfield>
         <subfield code="e">author</subfield>
         <subfield code="u">Univ. of Gothenburg, Dept of Biological and Environmental Sciences,
        Gothenburg, Sweden. AA also at: Gothenburg Botanical Garden, Gothenburg, Sweden and
        Gothenburg Global Biodiversity Center, Gothenburg, Sweden</subfield>
      </datafield>
      <datafield tag="773" ind1="0" ind2=" ">
         <subfield code="t">Ecography.</subfield>
         <subfield code="g">2018 Feb., v. 41, no. 2 p.321-330</subfield>
         <subfield code="d">Blackwell Publishing Ltd</subfield>
         <subfield code="w">Journal:jnl3867072</subfield>
         <subfield code="x">0906-7590</subfield>
         <subfield code="7">nnas</subfield>
      </datafield>
      <datafield tag="787" ind1="1" ind2=" ">
         <subfield code="o">islandora_article_repository</subfield>
      </datafield>
      <datafield tag="787" ind1="1" ind2=" ">
         <subfield code="o">product_pubag</subfield>
      </datafield>
      <datafield tag="787" ind1="1" ind2=" ">
         <subfield code="o">(Journal)jnl3867072</subfield>
      </datafield>
      <datafield tag="856" ind1="4" ind2="0">
         <subfield code="u">http://dx.doi.org/10.1111/ecog.02192</subfield>
         <subfield code="3">Available from publisher's site</subfield>
      </datafield>
      <datafield tag="912" ind1=" " ind2=" ">
         <subfield code="a">Article</subfield>
      </datafield>
      <datafield tag="914" ind1=" " ind2=" ">
         <subfield code="a">Journal:jnl3867072</subfield>
         <subfield code="b">0906-7590</subfield>
         <subfield code="c">41</subfield>
         <subfield code="d">2</subfield>
         <subfield code="e">321</subfield>
      </datafield>
      <datafield tag="914" ind1=" " ind2=" ">
         <subfield code="f">Ecography</subfield>
      </datafield>
      <datafield tag="916" ind1=" " ind2=" ">
         <subfield code="a">Batch:1921</subfield>
      </datafield>
      <datafield tag="917" ind1=" " ind2=" ">
         <subfield code="a">issued</subfield>
      </datafield>
      <datafield tag="918" ind1="2" ind2=" ">
         <subfield code="a">John Wiley &amp; Sons, Inc</subfield>
         <subfield code="e">provider</subfield>
         <subfield code="5">DNAL</subfield>
      </datafield>
      <datafield tag="935" ind1=" " ind2=" ">
         <subfield code="a">IND605890902</subfield>
         <subfield code="9">ExL</subfield>
      </datafield>
      <datafield tag="949" ind1=" " ind2=" ">
         <subfield code="a">2018-03-28</subfield>
      </datafield>
      <datafield tag="953" ind1=" " ind2=" ">
         <subfield code="a">/data/metadata/incoming/wiley/09067590_2018_41_2.xml</subfield>
      </datafield>
      <datafield tag="954" ind1=" " ind2=" ">
         <subfield code="a">file:/data/metadata/staging/wiley/09067590_2018_41_2.xml</subfield>
      </datafield>
      <datafield tag="955" ind1=" " ind2=" ">
         <subfield code="a">/data/metadata/staging/wiley/</subfield>
      </datafield>
      <datafield tag="962" ind1=" " ind2=" ">
         <subfield code="a">Batch:1921 reviewed on 2018-03-28T15:00:02Z</subfield>
      </datafield>
      <datafield tag="974" ind1=" " ind2=" ">
         <subfield code="a">agid:5890902</subfield>
      </datafield>
      <datafield tag="983" ind1=" " ind2=" ">
         <subfield code="a">2018-02-02</subfield>
      </datafield>
      <datafield tag="984" ind1=" " ind2=" ">
         <subfield code="a">2018-03-28</subfield>
      </datafield>
   </record>