
   <!--Record: 164-->
   <record>
      <leader>03743nab a2200637 u 4500</leader>
      <controlfield tag="001">9915963219107426</controlfield>
      <controlfield tag="005">20221120180652.0</controlfield>
      <controlfield tag="008">160329e20120623xx |||||o|||||||||||eng||</controlfield>
      <datafield tag="016" ind1="7" ind2=" ">
         <subfield code="a">IND605173386</subfield>
         <subfield code="2">DNAL</subfield>
      </datafield>
      <datafield tag="024" ind1="7" ind2=" ">
         <subfield code="a">10.1139/z2012-054</subfield>
         <subfield code="2">doi</subfield>
      </datafield>
      <datafield tag="035" ind1=" " ind2=" ">
         <subfield code="a">agid:5173386-01nal_inst</subfield>
      </datafield>
      <datafield tag="040" ind1=" " ind2=" ">
         <subfield code="a">AGL</subfield>
         <subfield code="b">eng</subfield>
         <subfield code="c">AGL</subfield>
      </datafield>
      <datafield tag="100" ind1="1" ind2=" ">
         <subfield code="a">Minias, Piotr</subfield>
         <subfield code="e">author</subfield>
         <subfield code="u">Department of Teacher Training and Biodiversity Studies, University of
        Łódź, Banacha 1/3, 90-237 Łódź, Poland.</subfield>
      </datafield>
      <datafield tag="245" ind1="1" ind2="0">
         <subfield code="a">Distribution of pair quality in a tree-nesting waterbird colony:
        central-periphery model vs. satellite model</subfield>
      </datafield>
      <datafield tag="300" ind1=" " ind2=" ">
         <subfield code="a">p. 861-867.</subfield>
      </datafield>
      <datafield tag="520" ind1=" " ind2=" ">
         <subfield code="a">The spatial distribution of pair quality within waterbird colonies has been
        suggested to follow one of three theoretical models: central-periphery, satellite, or
        random. The central-periphery pattern occurs in homogeneous habitats, where good-quality
        pairs occupy better protected, central nesting sites. In contrast, the satellite and random
        patterns are associated with heterogeneous habitats and they assume that good-quality pairs
        occupy the most attractive nesting sites irrespectively of their location within the colony.
        Spatial patterns of laying date, clutch size, and fledging success were analysed with
        geostatistical tools in the colony of tree-nesting subspecies of Great Cormorant
        (Phalacrocorax carbo sinensis (Blumenbach, 1798)) in central Poland. There was support for
        the random or satellite model in the distribution of clutch size, which was considered a
        reliable proxy of pair quality. We also found a positive correlation of clutch size with
        nest height. These results implicate that the habitat of tree-nesting colonial waterbirds
        may produce sufficient variation in the nesting-site quality to disrupt the
        central-periphery gradients of pair-quality distribution. In contrast, distribution of
        fledging success within the colony followed a clear central-periphery pattern, which was
        suggested to reflect an increased predation rate at the edges of the colony, rather than the
        intrinsic quality of breeding birds.</subfield>
      </datafield>
      <datafield tag="592" ind1=" " ind2=" ">
         <subfield code="a">Publisher supplied data</subfield>
      </datafield>
      <datafield tag="593" ind1=" " ind2=" ">
         <subfield code="a">PubAg article</subfield>
      </datafield>
      <datafield tag="650" ind1=" " ind2="3">
         <subfield code="a">Phalacrocorax carbo sinensis</subfield>
      </datafield>
      <datafield tag="650" ind1=" " ind2="3">
         <subfield code="a">breeding</subfield>
      </datafield>
      <datafield tag="650" ind1=" " ind2="3">
         <subfield code="a">clutch size</subfield>
      </datafield>
      <datafield tag="650" ind1=" " ind2="3">
         <subfield code="a">fledglings</subfield>
      </datafield>
      <datafield tag="650" ind1=" " ind2="3">
         <subfield code="a">geostatistics</subfield>
      </datafield>
      <datafield tag="650" ind1=" " ind2="3">
         <subfield code="a">habitats</subfield>
      </datafield>
      <datafield tag="650" ind1=" " ind2="3">
         <subfield code="a">models</subfield>
      </datafield>
      <datafield tag="650" ind1=" " ind2="3">
         <subfield code="a">nesting sites</subfield>
      </datafield>
      <datafield tag="650" ind1=" " ind2="3">
         <subfield code="a">nests</subfield>
      </datafield>
      <datafield tag="650" ind1=" " ind2="3">
         <subfield code="a">predation</subfield>
      </datafield>
      <datafield tag="650" ind1=" " ind2="3">
         <subfield code="a">satellites</subfield>
      </datafield>
      <datafield tag="650" ind1=" " ind2="3">
         <subfield code="a">water birds</subfield>
      </datafield>
      <datafield tag="651" ind1=" " ind2="3">
         <subfield code="a">Poland</subfield>
      </datafield>
      <datafield tag="653" ind1=" " ind2="0">
         <subfield code="a">central-periphery</subfield>
      </datafield>
      <datafield tag="653" ind1=" " ind2="0">
         <subfield code="a">coloniality</subfield>
      </datafield>
      <datafield tag="653" ind1=" " ind2="0">
         <subfield code="a">Great Cormorant</subfield>
      </datafield>
      <datafield tag="653" ind1=" " ind2="0">
         <subfield code="a">Phalacrocorax carbo sinensis</subfield>
      </datafield>
      <datafield tag="653" ind1=" " ind2="0">
         <subfield code="a">spatial autocorrelation</subfield>
      </datafield>
      <datafield tag="700" ind1="1" ind2=" ">
         <subfield code="a">Kaczmarek, Krzysztof</subfield>
         <subfield code="e">author</subfield>
         <subfield code="u">Medical University of Łódź, Sterlinga 1/3, 91-425 Łódź, Poland.</subfield>
      </datafield>
      <datafield tag="700" ind1="1" ind2=" ">
         <subfield code="a">Janiszewski, Tomasz</subfield>
         <subfield code="e">author</subfield>
         <subfield code="u">Department of Teacher Training and Biodiversity Studies, University of
        Łódź, Banacha 1/3, 90-237 Łódź, Poland.</subfield>
      </datafield>
      <datafield tag="773" ind1="0" ind2=" ">
         <subfield code="t">Canadian journal of zoology.</subfield>
         <subfield code="g">2012 June 23, v. 90, no. 7 p.861-867</subfield>
         <subfield code="d">NRC Research Press</subfield>
         <subfield code="x">1480-3283</subfield>
         <subfield code="7">nnas</subfield>
      </datafield>
      <datafield tag="787" ind1="1" ind2=" ">
         <subfield code="o">islandora_article_repository</subfield>
      </datafield>
      <datafield tag="787" ind1="1" ind2=" ">
         <subfield code="o">product_pubag</subfield>
      </datafield>
      <datafield tag="787" ind1="1" ind2=" ">
         <subfield code="o">(Journal)19146</subfield>
      </datafield>
      <datafield tag="856" ind1="4" ind2="0">
         <subfield code="u">http://dx.doi.org/10.1139/z2012-054</subfield>
         <subfield code="3">Available from publisher's site</subfield>
      </datafield>
      <datafield tag="912" ind1=" " ind2=" ">
         <subfield code="a">Article</subfield>
      </datafield>
      <datafield tag="914" ind1=" " ind2=" ">
         <subfield code="a">Journal:19146</subfield>
         <subfield code="b">1480-3283</subfield>
         <subfield code="c">90</subfield>
         <subfield code="d">7</subfield>
         <subfield code="e">861</subfield>
      </datafield>
      <datafield tag="914" ind1=" " ind2=" ">
         <subfield code="f">Canadian journal of zoology</subfield>
      </datafield>
      <datafield tag="916" ind1=" " ind2=" ">
         <subfield code="a">Batch:1367</subfield>
      </datafield>
      <datafield tag="917" ind1=" " ind2=" ">
         <subfield code="a">issued</subfield>
      </datafield>
      <datafield tag="918" ind1="2" ind2=" ">
         <subfield code="a">NRC Canada</subfield>
         <subfield code="e">provider</subfield>
         <subfield code="5">DNAL</subfield>
      </datafield>
      <datafield tag="935" ind1=" " ind2=" ">
         <subfield code="a">IND605173386</subfield>
         <subfield code="9">ExL</subfield>
      </datafield>
      <datafield tag="949" ind1=" " ind2=" ">
         <subfield code="a">2016-07-27</subfield>
      </datafield>
      <datafield tag="953" ind1=" " ind2=" ">
         <subfield code="a">CJZv90i7-06290419-222909.zip</subfield>
      </datafield>
      <datafield tag="962" ind1=" " ind2=" ">
         <subfield code="a">Batch:1367 reviewed on 2016-07-27T04:00:03Z</subfield>
      </datafield>
      <datafield tag="974" ind1=" " ind2=" ">
         <subfield code="a">agid:5173386</subfield>
      </datafield>
      <datafield tag="983" ind1=" " ind2=" ">
         <subfield code="a">2016-03-29</subfield>
      </datafield>
      <datafield tag="984" ind1=" " ind2=" ">
         <subfield code="a">2016-07-27</subfield>
      </datafield>
   </record>