
   <!--Record: 165-->
   <record>
      <leader>04509nab a2200697 u 4500</leader>
      <controlfield tag="001">9915963507307426</controlfield>
      <controlfield tag="005">20221120143755.0</controlfield>
      <controlfield tag="008">081205e200901 xx |||||o|||||||||||eng||</controlfield>
      <datafield tag="016" ind1="7" ind2=" ">
         <subfield code="a">IND44133623</subfield>
         <subfield code="2">DNAL</subfield>
      </datafield>
      <datafield tag="024" ind1="7" ind2=" ">
         <subfield code="a">10.1016/j.agee.2008.06.011</subfield>
         <subfield code="2">doi</subfield>
      </datafield>
      <datafield tag="035" ind1=" " ind2=" ">
         <subfield code="a">agid:742670-01nal_inst</subfield>
      </datafield>
      <datafield tag="040" ind1=" " ind2=" ">
         <subfield code="a">AGL</subfield>
         <subfield code="b">eng</subfield>
         <subfield code="c">AGL</subfield>
      </datafield>
      <datafield tag="072" ind1=" " ind2="0">
         <subfield code="a">F130</subfield>
      </datafield>
      <datafield tag="072" ind1=" " ind2="0">
         <subfield code="a">F300</subfield>
      </datafield>
      <datafield tag="072" ind1=" " ind2="0">
         <subfield code="a">K001</subfield>
      </datafield>
      <datafield tag="100" ind1="1" ind2=" ">
         <subfield code="a">Le Brocque, Andrew F.</subfield>
      </datafield>
      <datafield tag="245" ind1="1" ind2="0">
         <subfield code="a">Overstorey tree density and understorey regrowth effects on plant
        composition, stand structure and floristic richness in grazed temperate woodlands in eastern
        Australia</subfield>
      </datafield>
      <datafield tag="300" ind1=" " ind2=" ">
         <subfield code="a">p. 17-27.</subfield>
      </datafield>
      <datafield tag="500" ind1=" " ind2=" ">
         <subfield code="a">Includes references</subfield>
      </datafield>
      <datafield tag="500" ind1=" " ind2=" ">
         <subfield code="a">2019-12-06</subfield>
      </datafield>
      <datafield tag="520" ind1=" " ind2=" ">
         <subfield code="a">As natural woodlands decline in both extent and quality worldwide, there is
        an increasing recognition of the biodiversity conservation value of production landscapes.
        In low-input, low-productivity grazing systems in Australia, the modification of natural
        woodlands through overstorey tree and woody regrowth removal are vegetation management
        options used by landholders to increase native grass production for livestock grazing;
        however, there is little empirical evidence to indicate at what tree densities biodiversity
        attributes are compromised. We examined the effects of overstorey tree density and
        understorey regowth on the floristic composition, stand structure and species richness of
        eucalypt woodlands in a grazing landscape in the Traprock region of southern Queensland,
        Australia. We sampled 47 sites stratified according to vegetation type (Eucalyptus
        crebra/Eucalyptus dealbata woodland; Eucalyptus melliodora/Eucalyptus microcarpa grassy
        woodland), density of mature trees (&lt;6trees/ha; 6-20trees/ha; &gt;20trees/ha), and
        presence/absence of regrowth. Distinct patterns in composition were detected using indicator
        species analysis and non-metric multidimensional scaling, with low density areas
        compositionally indistinguishable, although distinct from other land management units.
        Within vegetation type, medium tree density woodlands were compositionally similar to high
        density and reference woodlands. Species richness ranged from 18 to 67 species per 500m²
        across all sites. No differences in total or native species richness were detected across
        management units; however, some differences in exotic species richness were detected.
        Differences in grass cover existed between low and high density management units, yet no
        difference in grass cover was evident between low and medium density management units. Our
        results suggest that medium tree densities may provide biodiversity benefits concordant with
        more natural areas, yet not adversely impact on pasture production. Retaining trees in
        grazing landscapes provides significant landscape heterogeneity and important refuges for
        species that may be largely excluded from open grassland habitats. Maintaining a medium
        density of overstorey trees in grazed paddocks can provide both production and biodiversity
        benefits.</subfield>
      </datafield>
      <datafield tag="593" ind1=" " ind2=" ">
         <subfield code="a">PubAg article</subfield>
      </datafield>
      <datafield tag="650" ind1=" " ind2="3">
         <subfield code="a">range management</subfield>
      </datafield>
      <datafield tag="650" ind1=" " ind2="3">
         <subfield code="a">forest trees</subfield>
      </datafield>
      <datafield tag="650" ind1=" " ind2="3">
         <subfield code="a">Eucalyptus</subfield>
      </datafield>
      <datafield tag="650" ind1=" " ind2="3">
         <subfield code="a">indicator species</subfield>
      </datafield>
      <datafield tag="650" ind1=" " ind2="3">
         <subfield code="a">botanical composition</subfield>
      </datafield>
      <datafield tag="650" ind1=" " ind2="3">
         <subfield code="a">grazing</subfield>
      </datafield>
      <datafield tag="650" ind1=" " ind2="3">
         <subfield code="a">introduced species</subfield>
      </datafield>
      <datafield tag="650" ind1=" " ind2="3">
         <subfield code="a">stand density</subfield>
      </datafield>
      <datafield tag="650" ind1=" " ind2="3">
         <subfield code="a">regrowth</subfield>
      </datafield>
      <datafield tag="650" ind1=" " ind2="3">
         <subfield code="a">spatial variation</subfield>
      </datafield>
      <datafield tag="650" ind1=" " ind2="3">
         <subfield code="a">woodlands</subfield>
      </datafield>
      <datafield tag="650" ind1=" " ind2="3">
         <subfield code="a">overstory</subfield>
      </datafield>
      <datafield tag="650" ind1=" " ind2="3">
         <subfield code="a">stand structure</subfield>
      </datafield>
      <datafield tag="650" ind1=" " ind2="3">
         <subfield code="a">understory</subfield>
      </datafield>
      <datafield tag="651" ind1=" " ind2="3">
         <subfield code="a">Queensland</subfield>
      </datafield>
      <datafield tag="653" ind1=" " ind2="0">
         <subfield code="a">species diversity</subfield>
      </datafield>
      <datafield tag="653" ind1=" " ind2="0">
         <subfield code="a">biodiversity</subfield>
      </datafield>
      <datafield tag="700" ind1="1" ind2=" ">
         <subfield code="a">Goodhew, Kellie A.</subfield>
      </datafield>
      <datafield tag="700" ind1="1" ind2=" ">
         <subfield code="a">Zammit, Charlie A.</subfield>
      </datafield>
      <datafield tag="773" ind1="0" ind2=" ">
         <subfield code="t">Agriculture, ecosystems &amp; environment.</subfield>
         <subfield code="g">2009 Jan., v. 129, no. 1-3 p.17-27</subfield>
         <subfield code="d">Elsevier</subfield>
         <subfield code="x">0167-8809</subfield>
         <subfield code="7">nnas</subfield>
      </datafield>
      <datafield tag="787" ind1="1" ind2=" ">
         <subfield code="o">islandora_article_repository</subfield>
      </datafield>
      <datafield tag="787" ind1="1" ind2=" ">
         <subfield code="o">product_pubag</subfield>
      </datafield>
      <datafield tag="787" ind1="1" ind2=" ">
         <subfield code="o">(Journal)jnl34709</subfield>
      </datafield>
      <datafield tag="852" ind1=" " ind2=" ">
         <subfield code="a">DNAL</subfield>
      </datafield>
      <datafield tag="856" ind1="4" ind2="0">
         <subfield code="u">http://dx.doi.org/10.1016/j.agee.2008.06.011</subfield>
         <subfield code="3">Available from publisher's Web site</subfield>
      </datafield>
      <datafield tag="912" ind1=" " ind2=" ">
         <subfield code="a">Article</subfield>
      </datafield>
      <datafield tag="914" ind1=" " ind2=" ">
         <subfield code="a">Journal:jnl34709</subfield>
         <subfield code="b">0167-8809</subfield>
         <subfield code="c">129</subfield>
         <subfield code="d">1-3</subfield>
         <subfield code="e">17</subfield>
      </datafield>
      <datafield tag="914" ind1=" " ind2=" ">
         <subfield code="f">Agriculture, ecosystems &amp; environment</subfield>
      </datafield>
      <datafield tag="917" ind1=" " ind2=" ">
         <subfield code="a">issued</subfield>
      </datafield>
      <datafield tag="930" ind1=" " ind2=" ">
         <subfield code="a">20090218</subfield>
         <subfield code="b">20090301</subfield>
         <subfield code="c">00000000</subfield>
      </datafield>
      <datafield tag="935" ind1=" " ind2=" ">
         <subfield code="a">IND44133623</subfield>
         <subfield code="9">ExL</subfield>
      </datafield>
      <datafield tag="945" ind1=" " ind2=" ">
         <subfield code="a">IND</subfield>
         <subfield code="d">2CT</subfield>
         <subfield code="e">2009/01/16</subfield>
      </datafield>
      <datafield tag="946" ind1=" " ind2=" ">
         <subfield code="a">Non-US</subfield>
      </datafield>
      <datafield tag="949" ind1=" " ind2=" ">
         <subfield code="a">2014-07-17</subfield>
      </datafield>
      <datafield tag="952" ind1=" " ind2=" ">
         <subfield code="a">20090218 20090301 00000000</subfield>
         <subfield code="b">IND 2CT 2009/01/16</subfield>
      </datafield>
      <datafield tag="974" ind1=" " ind2=" ">
         <subfield code="a">agid:742670</subfield>
      </datafield>
      <datafield tag="984" ind1=" " ind2=" ">
         <subfield code="a">2014-07-24</subfield>
      </datafield>
      <datafield tag="985" ind1=" " ind2=" ">
         <subfield code="a">Converted from MARCXML to MODS version 3.4 using MARC21slim2MODS3-4.xsl
        (Revision 1.95 2014/04/23)</subfield>
      </datafield>
      <datafield tag="986" ind1=" " ind2=" ">
         <subfield code="a">4133623</subfield>
      </datafield>
   </record>