
   <!--Record: 168-->
   <record>
      <leader>04888nab a2200685 u 4500</leader>
      <controlfield tag="001">9915963602807426</controlfield>
      <controlfield tag="005">20221121002811.0</controlfield>
      <controlfield tag="008">081205e20090120xx |||||o|||||||||||eng||</controlfield>
      <datafield tag="016" ind1="7" ind2=" ">
         <subfield code="a">IND44133830</subfield>
         <subfield code="2">DNAL</subfield>
      </datafield>
      <datafield tag="024" ind1="7" ind2=" ">
         <subfield code="a">10.1016/j.foreco.2008.09.002</subfield>
         <subfield code="2">doi</subfield>
      </datafield>
      <datafield tag="035" ind1=" " ind2=" ">
         <subfield code="a">agid:742847-01nal_inst</subfield>
      </datafield>
      <datafield tag="040" ind1=" " ind2=" ">
         <subfield code="a">AGL</subfield>
         <subfield code="b">eng</subfield>
         <subfield code="c">AGL</subfield>
      </datafield>
      <datafield tag="072" ind1=" " ind2="0">
         <subfield code="a">F600</subfield>
      </datafield>
      <datafield tag="072" ind1=" " ind2="0">
         <subfield code="a">F300</subfield>
      </datafield>
      <datafield tag="072" ind1=" " ind2="0">
         <subfield code="a">K001</subfield>
      </datafield>
      <datafield tag="100" ind1="1" ind2=" ">
         <subfield code="a">Seiwa, K.</subfield>
      </datafield>
      <datafield tag="245" ind1="1" ind2="0">
         <subfield code="a">Spatio-temporal variation of environmental signals inducing seed
        germination in temperate conifer plantations and natural hardwood forests in northern
        Japan</subfield>
      </datafield>
      <datafield tag="300" ind1=" " ind2=" ">
         <subfield code="a">p. 361-369.</subfield>
      </datafield>
      <datafield tag="500" ind1=" " ind2=" ">
         <subfield code="a">Includes references</subfield>
      </datafield>
      <datafield tag="520" ind1=" " ind2=" ">
         <subfield code="a">To document the spatial and temporal variation of environmental signals
        inducing seed germination in temperate forests, we measured temporal patterns of
        environmental signals and seed germination of six pioneer tree species in unthinned and
        thinned stands of conifer forests (Cryptomeria japonica plantations) and in the understory
        and gaps of hardwood forests in Japan. We also conducted germination experiment in
        laboratory for the six pioneer species to test the effects of red:far-red (R:FR) light ratio
        and temperature fluctuations on the seed germination. In conifer forests, the photosynthetic
        photon flux density (PPFD), the R:FR ratio, and the amplitude of temperature fluctuations in
        thinned stands were 2, 1.5, and 3 times higher, respectively, than those of unthinned
        stands. The PPFD and R:FR ratios just above forest floor also increased after the removal of
        thick litter accumulation. As a result, higher seed germination was observed in thinned
        compared to unthinned stands for three photoblastic species, whereas little differences were
        observed for three non-photoblastic species. These findings suggest that thinning, which
        frequently reduces litter accumulation, can substantially affect the regeneration of pioneer
        species and the resultant species diversity in conifer plantations. None of the measured
        environmental signals changed seasonally in unthinned stands of conifer forests, but they
        all changed remarkably in the understory of the hardwood forests. In this system, all
        signals were high and nearly identical to those in the gaps in early spring prior to canopy
        closure. Thus, the percent germination of the three photoblastic species was enhanced by
        high R:FR ratios and/or large temperature fluctuations even beneath the canopy and was
        nearly equal to that in the thinned conifer stands where the environmental conditions were
        nearly identical to those in the gaps. However, all of the environmental signals decreased
        with the expansion of canopy leaves and reached minimums at canopy closure. Even in the
        thinned stands and the gaps, the PPFD and magnitude of temperature fluctuations decreased
        over time due to shading by growing herbs and/or emerging canopy leaves. In these temporally
        changing environments, the germination of all photoblastic species ceased simultaneously.
        This study clearly demonstrated that the environmental signals inducing seed germination of
        photoblastic pioneer species spatially and temporally change in temperate forests,
        particularly in deciduous hardwood forests. Furthermore, these signals, PPFD, R:FR ratio,
        and the amplitude of temperature fluctuations, appear to play a very important role in tree
        regeneration and subsequent species diversity.</subfield>
      </datafield>
      <datafield tag="593" ind1=" " ind2=" ">
         <subfield code="a">PubAg article</subfield>
      </datafield>
      <datafield tag="650" ind1=" " ind2="3">
         <subfield code="a">seed germination</subfield>
      </datafield>
      <datafield tag="650" ind1=" " ind2="3">
         <subfield code="a">forest plantations</subfield>
      </datafield>
      <datafield tag="650" ind1=" " ind2="3">
         <subfield code="a">coniferous forests</subfield>
      </datafield>
      <datafield tag="650" ind1=" " ind2="3">
         <subfield code="a">hardwood forests</subfield>
      </datafield>
      <datafield tag="650" ind1=" " ind2="3">
         <subfield code="a">environmental factors</subfield>
      </datafield>
      <datafield tag="650" ind1=" " ind2="3">
         <subfield code="a">light</subfield>
      </datafield>
      <datafield tag="650" ind1=" " ind2="3">
         <subfield code="a">temperature</subfield>
      </datafield>
      <datafield tag="650" ind1=" " ind2="3">
         <subfield code="a">forest thinning</subfield>
      </datafield>
      <datafield tag="650" ind1=" " ind2="3">
         <subfield code="a">forest litter</subfield>
      </datafield>
      <datafield tag="650" ind1=" " ind2="3">
         <subfield code="a">phenology</subfield>
      </datafield>
      <datafield tag="650" ind1=" " ind2="3">
         <subfield code="a">leaves</subfield>
      </datafield>
      <datafield tag="650" ind1=" " ind2="3">
         <subfield code="a">forest canopy</subfield>
      </datafield>
      <datafield tag="650" ind1=" " ind2="3">
         <subfield code="a">spatial variation</subfield>
      </datafield>
      <datafield tag="650" ind1=" " ind2="3">
         <subfield code="a">temporal variation</subfield>
      </datafield>
      <datafield tag="653" ind1=" " ind2="0">
         <subfield code="a">photosynthetic photon flux density</subfield>
      </datafield>
      <datafield tag="700" ind1="1" ind2=" ">
         <subfield code="a">Ando, M.</subfield>
      </datafield>
      <datafield tag="700" ind1="1" ind2=" ">
         <subfield code="a">Imaji, A.</subfield>
      </datafield>
      <datafield tag="700" ind1="1" ind2=" ">
         <subfield code="a">Tomita, M.</subfield>
      </datafield>
      <datafield tag="700" ind1="1" ind2=" ">
         <subfield code="a">Kanou, K.</subfield>
      </datafield>
      <datafield tag="773" ind1="0" ind2=" ">
         <subfield code="t">Forest ecology and management.</subfield>
         <subfield code="g">2009 Jan. 20, v. 257, no. 1 p.361-369</subfield>
         <subfield code="d">Elsevier Science</subfield>
         <subfield code="x">0378-1127</subfield>
         <subfield code="7">nnas</subfield>
      </datafield>
      <datafield tag="787" ind1="1" ind2=" ">
         <subfield code="o">islandora_article_repository</subfield>
      </datafield>
      <datafield tag="787" ind1="1" ind2=" ">
         <subfield code="o">product_pubag</subfield>
      </datafield>
      <datafield tag="787" ind1="1" ind2=" ">
         <subfield code="o">(Journal)jnl9013</subfield>
      </datafield>
      <datafield tag="852" ind1=" " ind2=" ">
         <subfield code="a">DNAL</subfield>
      </datafield>
      <datafield tag="856" ind1="4" ind2="0">
         <subfield code="u">http://dx.doi.org/10.1016/j.foreco.2008.09.002</subfield>
         <subfield code="3">Available from publisher's Web site</subfield>
      </datafield>
      <datafield tag="912" ind1=" " ind2=" ">
         <subfield code="a">Article</subfield>
      </datafield>
      <datafield tag="914" ind1=" " ind2=" ">
         <subfield code="a">Journal:jnl9013</subfield>
         <subfield code="b">0378-1127</subfield>
         <subfield code="c">257</subfield>
         <subfield code="d">1</subfield>
         <subfield code="e">361</subfield>
      </datafield>
      <datafield tag="914" ind1=" " ind2=" ">
         <subfield code="f">Forest ecology and management</subfield>
      </datafield>
      <datafield tag="917" ind1=" " ind2=" ">
         <subfield code="a">issued</subfield>
      </datafield>
      <datafield tag="930" ind1=" " ind2=" ">
         <subfield code="a">20081222</subfield>
         <subfield code="b">20090206</subfield>
         <subfield code="c">00000000</subfield>
      </datafield>
      <datafield tag="935" ind1=" " ind2=" ">
         <subfield code="a">IND44133830</subfield>
         <subfield code="9">ExL</subfield>
      </datafield>
      <datafield tag="945" ind1=" " ind2=" ">
         <subfield code="a">IND</subfield>
         <subfield code="d">LYN</subfield>
         <subfield code="e">2008/12/22</subfield>
      </datafield>
      <datafield tag="946" ind1=" " ind2=" ">
         <subfield code="a">Non-US</subfield>
      </datafield>
      <datafield tag="949" ind1=" " ind2=" ">
         <subfield code="a">2014-07-17</subfield>
      </datafield>
      <datafield tag="952" ind1=" " ind2=" ">
         <subfield code="a">20081222 20090206 00000000</subfield>
         <subfield code="b">IND LYN 2008/12/22</subfield>
      </datafield>
      <datafield tag="974" ind1=" " ind2=" ">
         <subfield code="a">agid:742847</subfield>
      </datafield>
      <datafield tag="984" ind1=" " ind2=" ">
         <subfield code="a">2014-07-24</subfield>
      </datafield>
      <datafield tag="985" ind1=" " ind2=" ">
         <subfield code="a">Converted from MARCXML to MODS version 3.4 using MARC21slim2MODS3-4.xsl
        (Revision 1.95 2014/04/23)</subfield>
      </datafield>
      <datafield tag="986" ind1=" " ind2=" ">
         <subfield code="a">4133830</subfield>
      </datafield>
   </record>