
   <!--Record: 169-->
   <record>
      <leader>04884nab a2200865 u 4500</leader>
      <controlfield tag="001">9915964324907426</controlfield>
      <controlfield tag="005">20221122205344.0</controlfield>
      <controlfield tag="008">190916e201908 xx |||||o|||||||||||eng||</controlfield>
      <datafield tag="016" ind1="7" ind2=" ">
         <subfield code="a">IND606343185</subfield>
         <subfield code="2">DNAL</subfield>
      </datafield>
      <datafield tag="024" ind1="7" ind2=" ">
         <subfield code="a">10.1016/j.pld.2019.02.001</subfield>
         <subfield code="2">doi</subfield>
      </datafield>
      <datafield tag="024" ind1="7" ind2=" ">
         <subfield code="a">PMC6742492</subfield>
         <subfield code="2">pmcid</subfield>
      </datafield>
      <datafield tag="024" ind1="7" ind2=" ">
         <subfield code="a">31528787</subfield>
         <subfield code="2">pmid</subfield>
      </datafield>
      <datafield tag="035" ind1=" " ind2=" ">
         <subfield code="a">agid:6343185-01nal_inst</subfield>
      </datafield>
      <datafield tag="040" ind1=" " ind2=" ">
         <subfield code="a">AGL</subfield>
         <subfield code="b">eng</subfield>
         <subfield code="c">AGL</subfield>
      </datafield>
      <datafield tag="100" ind1="1" ind2=" ">
         <subfield code="a">Wu, Yuansheng</subfield>
         <subfield code="e">author</subfield>
         <subfield code="u">China Germplasm Bank of Wild Species, Kunming Institute of Botany, Chinese
        Academy of Sciences, Kunming 650201, China</subfield>
      </datafield>
      <datafield tag="245" ind1="1" ind2="0">
         <subfield code="a">Comparative expression analysis of heavy metal ATPase subfamily genes
        between Cd-tolerant and Cd-sensitive turnip landraces</subfield>
      </datafield>
      <datafield tag="300" ind1=" " ind2=" ">
         <subfield code="a">p. 275-283.</subfield>
      </datafield>
      <datafield tag="506" ind1=" " ind2=" ">
         <subfield code="a">Resource is Open Access</subfield>
         <subfield code="u">http://purl.org/eprint/accessRights/OpenAccess</subfield>
         <subfield code="f">Unrestricted online access</subfield>
         <subfield code="2">star</subfield>
      </datafield>
      <datafield tag="520" ind1=" " ind2=" ">
         <subfield code="a">The heavy metal ATPase (HMA) subfamily is mainly involved in heavy metal
        (HM) tolerance and transport in plants, but an understanding of the definite roles and
        mechanisms of most HMA members are still limited. In the present study, we identified 14
        candidate HMA genes named BrrHMA1–BrrHMA8 from the turnip genome and analyzed the phylogeny,
        gene structure, chromosome distribution, and conserved domains and motifs of HMAs in turnip
        (Brassica rapa var. rapa). According to our phylogenetic tree, the BrrHMAs are divided into
        a Zn/Cd/Co/Pb subclass and Cu/Ag subclass. The BrrHMA members show similar structural
        characteristics within subclasses. To explore the roles of BrrHMAs in turnip, we compared
        the gene sequences and expression patterns of the BrrHMA genes between a Cd-tolerant
        landrace and a Cd-sensitive landrace. Most BrrHMA genes showed similar spatial expression
        patterns in both Cd-tolerant and Cd-sensitive turnip landraces; some BrrHMA genes, however,
        were differentially expressed in specific tissue in Cd-tolerant and Cd-sensitive turnip.
        Specifically, BrrHMA genes in the Zn/Cd/Co/Pb subclass shared the same coding sequence but
        were differentially expressed in Cd-tolerant and Cd-sensitive turnip landraces under Cd
        stress. Our findings suggest that the stable expression and up-regulated expression of
        BrrHMA Zn/Cd/Co/Pb subclass genes under Cd stress may contribute to the higher Cd tolerance
        of turnip landraces.</subfield>
      </datafield>
      <datafield tag="592" ind1=" " ind2=" ">
         <subfield code="a">Publisher supplied data</subfield>
      </datafield>
      <datafield tag="593" ind1=" " ind2=" ">
         <subfield code="a">PubAg article</subfield>
      </datafield>
      <datafield tag="650" ind1=" " ind2="3">
         <subfield code="a">Brassica rapa</subfield>
      </datafield>
      <datafield tag="650" ind1=" " ind2="3">
         <subfield code="a">adenosinetriphosphatase</subfield>
      </datafield>
      <datafield tag="650" ind1=" " ind2="3">
         <subfield code="a">cadmium</subfield>
      </datafield>
      <datafield tag="650" ind1=" " ind2="3">
         <subfield code="a">chromosomes</subfield>
      </datafield>
      <datafield tag="650" ind1=" " ind2="3">
         <subfield code="a">cobalt</subfield>
      </datafield>
      <datafield tag="650" ind1=" " ind2="3">
         <subfield code="a">copper</subfield>
      </datafield>
      <datafield tag="650" ind1=" " ind2="3">
         <subfield code="a">gene expression regulation</subfield>
      </datafield>
      <datafield tag="650" ind1=" " ind2="3">
         <subfield code="a">genes</subfield>
      </datafield>
      <datafield tag="650" ind1=" " ind2="3">
         <subfield code="a">heavy metals</subfield>
      </datafield>
      <datafield tag="650" ind1=" " ind2="3">
         <subfield code="a">landraces</subfield>
      </datafield>
      <datafield tag="650" ind1=" " ind2="3">
         <subfield code="a">lead</subfield>
      </datafield>
      <datafield tag="650" ind1=" " ind2="3">
         <subfield code="a">nucleotide sequences</subfield>
      </datafield>
      <datafield tag="650" ind1=" " ind2="3">
         <subfield code="a">phylogeny</subfield>
      </datafield>
      <datafield tag="650" ind1=" " ind2="3">
         <subfield code="a">silver</subfield>
      </datafield>
      <datafield tag="650" ind1=" " ind2="3">
         <subfield code="a">turnips</subfield>
      </datafield>
      <datafield tag="650" ind1=" " ind2="3">
         <subfield code="a">zinc</subfield>
      </datafield>
      <datafield tag="653" ind1=" " ind2="0">
         <subfield code="a">Heavy metal ATPase</subfield>
      </datafield>
      <datafield tag="653" ind1=" " ind2="0">
         <subfield code="a">Cadmium</subfield>
      </datafield>
      <datafield tag="653" ind1=" " ind2="0">
         <subfield code="a">Turnip</subfield>
      </datafield>
      <datafield tag="653" ind1=" " ind2="0">
         <subfield code="a">Transmembrane helix</subfield>
      </datafield>
      <datafield tag="653" ind1=" " ind2="0">
         <subfield code="a">Differential gene expression</subfield>
      </datafield>
      <datafield tag="653" ind1=" " ind2="0">
         <subfield code="a">CK</subfield>
      </datafield>
      <datafield tag="653" ind1=" " ind2="0">
         <subfield code="a">GPI</subfield>
      </datafield>
      <datafield tag="653" ind1=" " ind2="0">
         <subfield code="a">GRAVY</subfield>
      </datafield>
      <datafield tag="653" ind1=" " ind2="0">
         <subfield code="a">HM</subfield>
      </datafield>
      <datafield tag="653" ind1=" " ind2="0">
         <subfield code="a">HMA</subfield>
      </datafield>
      <datafield tag="653" ind1=" " ind2="0">
         <subfield code="a">MW</subfield>
      </datafield>
      <datafield tag="653" ind1=" " ind2="0">
         <subfield code="a">pI</subfield>
      </datafield>
      <datafield tag="653" ind1=" " ind2="0">
         <subfield code="a">SSI</subfield>
      </datafield>
      <datafield tag="700" ind1="1" ind2=" ">
         <subfield code="a">Li, Xiong</subfield>
         <subfield code="e">author</subfield>
         <subfield code="u">China Germplasm Bank of Wild Species, Kunming Institute of Botany, Chinese
        Academy of Sciences, Kunming 650201, China</subfield>
      </datafield>
      <datafield tag="700" ind1="1" ind2=" ">
         <subfield code="a">Chen, Di</subfield>
         <subfield code="e">author</subfield>
         <subfield code="u">China Germplasm Bank of Wild Species, Kunming Institute of Botany, Chinese
        Academy of Sciences, Kunming 650201, China</subfield>
      </datafield>
      <datafield tag="700" ind1="1" ind2=" ">
         <subfield code="a">Han, Xi</subfield>
         <subfield code="e">author</subfield>
         <subfield code="u">College of Plant Protection, Yunnan Agricultural University, Kunming
        650201, China</subfield>
      </datafield>
      <datafield tag="700" ind1="1" ind2=" ">
         <subfield code="a">Li, Boqun</subfield>
         <subfield code="e">author</subfield>
         <subfield code="u">China Germplasm Bank of Wild Species, Kunming Institute of Botany, Chinese
        Academy of Sciences, Kunming 650201, China</subfield>
      </datafield>
      <datafield tag="700" ind1="1" ind2=" ">
         <subfield code="a">Yang, Yonghong</subfield>
         <subfield code="e">author</subfield>
         <subfield code="u">College of Plant Protection, Yunnan Agricultural University, Kunming
        650201, China</subfield>
      </datafield>
      <datafield tag="700" ind1="1" ind2=" ">
         <subfield code="a">Yang, Yongping</subfield>
         <subfield code="e">author</subfield>
         <subfield code="u">China Germplasm Bank of Wild Species, Kunming Institute of Botany, Chinese
        Academy of Sciences, Kunming 650201, China</subfield>
      </datafield>
      <datafield tag="773" ind1="0" ind2=" ">
         <subfield code="t">Plant diversity.</subfield>
         <subfield code="g">2019 Aug., v. 41, no. 4 p.275-283</subfield>
         <subfield code="d">Elsevier B.V.</subfield>
         <subfield code="a">Kunming Institute of Botany, Chinese Academy of Sciences</subfield>
         <subfield code="w">Journal:23310</subfield>
         <subfield code="x">2468-2659</subfield>
         <subfield code="7">nnas</subfield>
      </datafield>
      <datafield tag="787" ind1="1" ind2=" ">
         <subfield code="o">islandora_article_repository</subfield>
      </datafield>
      <datafield tag="787" ind1="1" ind2=" ">
         <subfield code="o">product_pubag</subfield>
      </datafield>
      <datafield tag="787" ind1="1" ind2=" ">
         <subfield code="o">(Journal)23310</subfield>
      </datafield>
      <datafield tag="856" ind1="4" ind2="0">
         <subfield code="u">https://dx.doi.org/10.1016/j.pld.2019.02.001</subfield>
         <subfield code="3">Available from publisher's site</subfield>
      </datafield>
      <datafield tag="912" ind1=" " ind2=" ">
         <subfield code="a">Article</subfield>
      </datafield>
      <datafield tag="914" ind1=" " ind2=" ">
         <subfield code="a">Journal:23310</subfield>
         <subfield code="b">2468-2659</subfield>
      </datafield>
      <datafield tag="914" ind1=" " ind2=" ">
         <subfield code="f">Plant diversity</subfield>
      </datafield>
      <datafield tag="916" ind1=" " ind2=" ">
         <subfield code="a">Batch:2182</subfield>
      </datafield>
      <datafield tag="917" ind1=" " ind2=" ">
         <subfield code="a">issued</subfield>
      </datafield>
      <datafield tag="918" ind1="2" ind2=" ">
         <subfield code="a">Elsevier Consyn</subfield>
         <subfield code="e">provider</subfield>
         <subfield code="5">DNAL</subfield>
      </datafield>
      <datafield tag="935" ind1=" " ind2=" ">
         <subfield code="a">IND606343185</subfield>
         <subfield code="9">ExL</subfield>
      </datafield>
      <datafield tag="949" ind1=" " ind2=" ">
         <subfield code="a">2020-05-13</subfield>
      </datafield>
      <datafield tag="953" ind1=" " ind2=" ">
         <subfield code="a">/data/metadata/incoming/consyn/556278846807136470-00002-HEAD-ONLY-REVISEDSUBJECTLIST.zip</subfield>
      </datafield>
      <datafield tag="954" ind1=" " ind2=" ">
         <subfield code="a">file:/data/metadata/staging/consyn/S2468265918301732.xml</subfield>
      </datafield>
      <datafield tag="955" ind1=" " ind2=" ">
         <subfield code="a">/data/metadata/staging/consyn/</subfield>
      </datafield>
      <datafield tag="974" ind1=" " ind2=" ">
         <subfield code="a">agid:6343185</subfield>
      </datafield>
      <datafield tag="983" ind1=" " ind2=" ">
         <subfield code="a">2019-09-16</subfield>
      </datafield>
      <datafield tag="984" ind1=" " ind2=" ">
         <subfield code="a">2019-09-16</subfield>
      </datafield>
   </record>