
   <!--Record: 170-->
   <record>
      <leader>04092nab a2200589 u 4500</leader>
      <controlfield tag="001">9915964428507426</controlfield>
      <controlfield tag="005">20221120052532.0</controlfield>
      <controlfield tag="008">170626e200307 xx |||||o|||||||||||eng||</controlfield>
      <datafield tag="016" ind1="7" ind2=" ">
         <subfield code="a">IND605699772</subfield>
         <subfield code="2">DNAL</subfield>
      </datafield>
      <datafield tag="024" ind1="7" ind2=" ">
         <subfield code="a">10.1890/0012-9658(2003)084[1862:FCSVOT]2.0.CO;2</subfield>
         <subfield code="2">doi</subfield>
      </datafield>
      <datafield tag="035" ind1=" " ind2=" ">
         <subfield code="a">agid:5699772-01nal_inst</subfield>
      </datafield>
      <datafield tag="040" ind1=" " ind2=" ">
         <subfield code="a">AGL</subfield>
         <subfield code="b">eng</subfield>
         <subfield code="c">AGL</subfield>
      </datafield>
      <datafield tag="100" ind1="1" ind2=" ">
         <subfield code="a">Schwarz, Paul A.</subfield>
         <subfield code="e">author</subfield>
         <subfield code="u">Department of Natural Resources, Fernow Hall, Cornell University, Ithaca,
        New York 14853 USA</subfield>
      </datafield>
      <datafield tag="245" ind1="1" ind2="0">
         <subfield code="a">Factors controlling spatial variation of tree species abundance in a
        forested landscape</subfield>
      </datafield>
      <datafield tag="300" ind1=" " ind2=" ">
         <subfield code="a">p. 1862-1878.</subfield>
      </datafield>
      <datafield tag="500" ind1=" " ind2=" ">
         <subfield code="a">JOURNAL ARTICLE</subfield>
      </datafield>
      <datafield tag="500" ind1=" " ind2=" ">
         <subfield code="a">2019-12-06</subfield>
      </datafield>
      <datafield tag="520" ind1=" " ind2=" ">
         <subfield code="a">Spatial patterns of tree species in forested landscapes are regulated by a
        variety of environmental and disturbance factors. Biological factors such as disturbance and
        competition that operate within a local neighborhood (neighborhood factors) might also
        influence these patterns. We sought empirical evidence for the role of neighborhood factors
        in determining spatial patterns of abundance of dominant tree species in the 3160‐ha Hubbard
        Brook Experimental Forest (HBEF), a second growth, northern hardwood–conifer forest in New
        Hampshire, USA. We measured tree abundance patterns and a suite of environmental and
        disturbance factors expected to regulate these patterns in 0.05‐ha plots distributed
        throughout the Hubbard Brook Valley. Environmental and disturbance effects were modeled
        using linear regression with spatially correlated errors described by semivariograms. These
        models explained 26–62% of the variation in abundance among the seven tree species that
        comprise 90% of the total basal area in the HBEF. Semivariograms described residual spatial
        autocorrelation of the abundance of each tree species after accounting for environmental and
        disturbance effects. One species, Betula alleghaniensis, did not exhibit significant
        residual spatial autocorrelation in its spatial pattern of abundance. The other six species
        exhibited abundance patterns with highly significant residual spatial autocorrelation,
        suggesting that factors other than environment and disturbance are needed to adequately
        explain their spatial patterns of abundance. The range and normalized sill semivariogram
        values from the residual spatial autocorrelation of the different species were consistent
        with a role of seed dispersal distance and root sprouting in regulating patterns of
        abundance of several tree species in the HBEF. We argue that neighborhood factors
        significantly influence patterns of tree species in forested landscapes.</subfield>
      </datafield>
      <datafield tag="592" ind1=" " ind2=" ">
         <subfield code="a">Publisher supplied data</subfield>
      </datafield>
      <datafield tag="593" ind1=" " ind2=" ">
         <subfield code="a">PubAg article</subfield>
      </datafield>
      <datafield tag="650" ind1=" " ind2="3">
         <subfield code="a">sprouting</subfield>
      </datafield>
      <datafield tag="650" ind1=" " ind2="3">
         <subfield code="a">landscapes</subfield>
      </datafield>
      <datafield tag="650" ind1=" " ind2="3">
         <subfield code="a">second growth</subfield>
      </datafield>
      <datafield tag="650" ind1=" " ind2="3">
         <subfield code="a">Betula alleghaniensis</subfield>
      </datafield>
      <datafield tag="650" ind1=" " ind2="3">
         <subfield code="a">autocorrelation</subfield>
      </datafield>
      <datafield tag="650" ind1=" " ind2="3">
         <subfield code="a">models</subfield>
      </datafield>
      <datafield tag="650" ind1=" " ind2="3">
         <subfield code="a">regression analysis</subfield>
      </datafield>
      <datafield tag="650" ind1=" " ind2="3">
         <subfield code="a">trees</subfield>
      </datafield>
      <datafield tag="650" ind1=" " ind2="3">
         <subfield code="a">stand basal area</subfield>
      </datafield>
      <datafield tag="650" ind1=" " ind2="3">
         <subfield code="a">forests</subfield>
      </datafield>
      <datafield tag="651" ind1=" " ind2="3">
         <subfield code="a">New Hampshire</subfield>
      </datafield>
      <datafield tag="653" ind1=" " ind2="0">
         <subfield code="a">basal area</subfield>
      </datafield>
      <datafield tag="700" ind1="1" ind2=" ">
         <subfield code="a">Fahey, Timothy J.</subfield>
         <subfield code="e">author</subfield>
         <subfield code="u">Department of Natural Resources, Fernow Hall, Cornell University, Ithaca,
        New York 14853 USA</subfield>
      </datafield>
      <datafield tag="700" ind1="1" ind2=" ">
         <subfield code="a">McCulloch, Charles E.</subfield>
         <subfield code="e">author</subfield>
         <subfield code="u">Department of Natural Resources, Fernow Hall, Cornell University, Ithaca,
        New York 14853 USA</subfield>
      </datafield>
      <datafield tag="773" ind1="0" ind2=" ">
         <subfield code="t">Ecology.</subfield>
         <subfield code="g">2003 July, v. 84, no. 7 p.1862-1878</subfield>
         <subfield code="d">Ecological Society of America</subfield>
         <subfield code="x">0012-9658</subfield>
         <subfield code="7">nnas</subfield>
      </datafield>
      <datafield tag="787" ind1="1" ind2=" ">
         <subfield code="o">islandora_article_repository</subfield>
      </datafield>
      <datafield tag="787" ind1="1" ind2=" ">
         <subfield code="o">product_pubag</subfield>
      </datafield>
      <datafield tag="787" ind1="1" ind2=" ">
         <subfield code="o">(Journal)jnl46164</subfield>
      </datafield>
      <datafield tag="856" ind1="4" ind2="0">
         <subfield code="u">http://dx.doi.org/10.1890/0012-9658(2003)084%5B1862:FCSVOT%5D2.0.CO;2</subfield>
         <subfield code="3">Available from publisher's site</subfield>
      </datafield>
      <datafield tag="912" ind1=" " ind2=" ">
         <subfield code="a">Article</subfield>
      </datafield>
      <datafield tag="914" ind1=" " ind2=" ">
         <subfield code="a">Journal:jnl46164</subfield>
         <subfield code="b">0012-9658</subfield>
         <subfield code="c">84</subfield>
         <subfield code="d">7</subfield>
         <subfield code="e">1862</subfield>
      </datafield>
      <datafield tag="914" ind1=" " ind2=" ">
         <subfield code="f">Ecology</subfield>
      </datafield>
      <datafield tag="916" ind1=" " ind2=" ">
         <subfield code="a">Batch:1792</subfield>
      </datafield>
      <datafield tag="917" ind1=" " ind2=" ">
         <subfield code="a">issued</subfield>
      </datafield>
      <datafield tag="918" ind1="2" ind2=" ">
         <subfield code="a">John Wiley &amp; Sons, Inc</subfield>
         <subfield code="e">provider</subfield>
         <subfield code="5">DNAL</subfield>
      </datafield>
      <datafield tag="935" ind1=" " ind2=" ">
         <subfield code="a">IND605699772</subfield>
         <subfield code="9">ExL</subfield>
      </datafield>
      <datafield tag="949" ind1=" " ind2=" ">
         <subfield code="a">2017-08-28</subfield>
      </datafield>
      <datafield tag="953" ind1=" " ind2=" ">
         <subfield code="a">00129658_2003_84_7.xml</subfield>
      </datafield>
      <datafield tag="962" ind1=" " ind2=" ">
         <subfield code="a">Batch:1792 reviewed on 2017-08-28T11:00:03Z</subfield>
      </datafield>
      <datafield tag="974" ind1=" " ind2=" ">
         <subfield code="a">agid:5699772</subfield>
      </datafield>
      <datafield tag="983" ind1=" " ind2=" ">
         <subfield code="a">2017-06-26</subfield>
      </datafield>
      <datafield tag="984" ind1=" " ind2=" ">
         <subfield code="a">2017-08-28</subfield>
      </datafield>
   </record>