
   <!--Record: 171-->
   <record>
      <leader>05281nab a2200649 u 4500</leader>
      <controlfield tag="001">9915964958007426</controlfield>
      <controlfield tag="005">20221120072138.0</controlfield>
      <controlfield tag="008">201025e202012 xx |||||o|||||||||||eng||</controlfield>
      <datafield tag="016" ind1="7" ind2=" ">
         <subfield code="a">IND607081700</subfield>
         <subfield code="2">DNAL</subfield>
      </datafield>
      <datafield tag="024" ind1="7" ind2=" ">
         <subfield code="a">10.1016/j.landurbplan.2020.103927</subfield>
         <subfield code="2">doi</subfield>
      </datafield>
      <datafield tag="035" ind1=" " ind2=" ">
         <subfield code="a">agid:7081700-01nal_inst</subfield>
      </datafield>
      <datafield tag="040" ind1=" " ind2=" ">
         <subfield code="a">AGL</subfield>
         <subfield code="b">eng</subfield>
         <subfield code="c">AGL</subfield>
      </datafield>
      <datafield tag="100" ind1="1" ind2=" ">
         <subfield code="a">Zhao, Jiacheng</subfield>
         <subfield code="e">author</subfield>
         <subfield code="u">State Key Laboratory of Remote Sensing Science, Jointly Sponsored by
        Beijing Normal University and Institute of Remote Sensing and Digital Earth of Chinese
        Academy of Sciences, Faculty of Geographical Science, Beijing Normal University, Beijing
        100875, China</subfield>
      </datafield>
      <datafield tag="245" ind1="1" ind2="0">
         <subfield code="a">Assessing the thermal contributions of urban land cover types</subfield>
      </datafield>
      <datafield tag="500" ind1=" " ind2=" ">
         <subfield code="a">NAL-AP-2-clean</subfield>
      </datafield>
      <datafield tag="520" ind1=" " ind2=" ">
         <subfield code="a">Understanding the thermal contribution of urban land cover is crucial for
        alleviating urban heat islands (UHIs). Extensive work has assessed this contribution by
        estimating the responses of heat-related variables, such as land surface temperature (LST),
        to landscape patterns in terms of composition and configuration. However, ignoring the
        endogenous collinearity in landscape composition may lead to biased estimations. In this
        study, an elastic net regularized regression was used to disentangle the thermal
        contributions (i.e, the local cooling/warming effects) of six urban land cover types (i.e.,
        water body, urban tree, grassland, bare land, impervious surface, and building) in the
        Beijing metropolitan region of China. In addition, the benefits of cooling/warming gains
        from the spatial aggregation of vegetation/buildings were quantified. The results indicate
        that for a 10% increase in coverage within an area of 1440 × 1440 m², buildings appear to
        have a strong warming effect and raise local LST by ~1.26 ℃, which is much higher than the
        warming caused by impervious surfaces (~0.23 ℃). In contrast, water bodies, grasslands, and
        urban trees have different cooling effects that reduce local LST by ~0.72 ℃, ~0.60 ℃ and
        ~0.57 ℃, respectively. Landscape configuration interactively affects local LST based on the
        composition. The aggregation cooling (~-1.2 ℃ at maximum) of vegetation only takes effect
        when the local vegetation coverage is less than 40%. The aggregation warming (~1.3 ℃ at
        maximum) of buildings occurs when the local building coverage is more than 15%. These
        findings provide new insights into the thermal contribution assessment of urban land cover
        that helps create urban heat island (UHI) mitigation strategies and plan future
        landscapes.</subfield>
      </datafield>
      <datafield tag="592" ind1=" " ind2=" ">
         <subfield code="a">Publisher supplied data</subfield>
      </datafield>
      <datafield tag="593" ind1=" " ind2=" ">
         <subfield code="a">PubAg article</subfield>
      </datafield>
      <datafield tag="650" ind1=" " ind2="3">
         <subfield code="a">cooling</subfield>
      </datafield>
      <datafield tag="650" ind1=" " ind2="3">
         <subfield code="a">grasslands</subfield>
      </datafield>
      <datafield tag="650" ind1=" " ind2="3">
         <subfield code="a">heat island</subfield>
      </datafield>
      <datafield tag="650" ind1=" " ind2="3">
         <subfield code="a">land cover</subfield>
      </datafield>
      <datafield tag="650" ind1=" " ind2="3">
         <subfield code="a">landscapes</subfield>
      </datafield>
      <datafield tag="650" ind1=" " ind2="3">
         <subfield code="a">surface temperature</subfield>
      </datafield>
      <datafield tag="650" ind1=" " ind2="3">
         <subfield code="a">surface water</subfield>
      </datafield>
      <datafield tag="650" ind1=" " ind2="3">
         <subfield code="a">trees</subfield>
      </datafield>
      <datafield tag="651" ind1=" " ind2="3">
         <subfield code="a">China</subfield>
      </datafield>
      <datafield tag="653" ind1=" " ind2="0">
         <subfield code="a">Land surface temperature</subfield>
      </datafield>
      <datafield tag="653" ind1=" " ind2="0">
         <subfield code="a">Elastic net regression</subfield>
      </datafield>
      <datafield tag="653" ind1=" " ind2="0">
         <subfield code="a">Urban land cover</subfield>
      </datafield>
      <datafield tag="653" ind1=" " ind2="0">
         <subfield code="a">Thermal contribution assessment</subfield>
      </datafield>
      <datafield tag="653" ind1=" " ind2="0">
         <subfield code="a">Beijing metropolitan region</subfield>
      </datafield>
      <datafield tag="700" ind1="1" ind2=" ">
         <subfield code="a">Zhao, Xiang</subfield>
         <subfield code="e">author</subfield>
         <subfield code="u">State Key Laboratory of Remote Sensing Science, Jointly Sponsored by
        Beijing Normal University and Institute of Remote Sensing and Digital Earth of Chinese
        Academy of Sciences, Faculty of Geographical Science, Beijing Normal University, Beijing
        100875, China</subfield>
      </datafield>
      <datafield tag="700" ind1="1" ind2=" ">
         <subfield code="a">Liang, Shunlin</subfield>
         <subfield code="e">author</subfield>
         <subfield code="u">Department of Geographical Sciences, University of Maryland, College Park,
        MD 20742, USA</subfield>
      </datafield>
      <datafield tag="700" ind1="1" ind2=" ">
         <subfield code="a">Zhou, Tao</subfield>
         <subfield code="e">author</subfield>
         <subfield code="u">Key Laboratory of Environmental Change and Natural Disaster of Ministry of
        Education, Academy of Disaster Reduction and Emergency Management, Faculty of Geographical
        Science, Beijing Normal University, Beijing 100875, China</subfield>
      </datafield>
      <datafield tag="700" ind1="1" ind2=" ">
         <subfield code="a">Du, Xiaozheng</subfield>
         <subfield code="e">author</subfield>
         <subfield code="u">State Key Laboratory of Remote Sensing Science, Jointly Sponsored by
        Beijing Normal University and Institute of Remote Sensing and Digital Earth of Chinese
        Academy of Sciences, Faculty of Geographical Science, Beijing Normal University, Beijing
        100875, China</subfield>
      </datafield>
      <datafield tag="700" ind1="1" ind2=" ">
         <subfield code="a">Xu, Peipei</subfield>
         <subfield code="e">author</subfield>
         <subfield code="u">College of Geography and Tourism, Anhui Normal University, Wuhu 241002,
        China</subfield>
      </datafield>
      <datafield tag="700" ind1="1" ind2=" ">
         <subfield code="a">Wu, Donghai</subfield>
         <subfield code="e">author</subfield>
         <subfield code="u">Department of Ecology and Evolutionary Biology, Cornell University, Ithaca,
        NY 14853, USA</subfield>
      </datafield>
      <datafield tag="773" ind1="0" ind2=" ">
         <subfield code="t">Landscape and urban planning.</subfield>
         <subfield code="g">2020 Dec., v. 204 p.103927-</subfield>
         <subfield code="d">Elsevier B.V.</subfield>
         <subfield code="w">Journal:12405</subfield>
         <subfield code="x">0169-2046</subfield>
         <subfield code="7">nnas</subfield>
      </datafield>
      <datafield tag="787" ind1="1" ind2=" ">
         <subfield code="o">islandora_article_repository</subfield>
      </datafield>
      <datafield tag="787" ind1="1" ind2=" ">
         <subfield code="o">product_pubag</subfield>
      </datafield>
      <datafield tag="787" ind1="1" ind2=" ">
         <subfield code="o">(Journal)12405</subfield>
      </datafield>
      <datafield tag="856" ind1="4" ind2="0">
         <subfield code="u">https://dx.doi.org/10.1016/j.landurbplan.2020.103927</subfield>
         <subfield code="3">Available from publisher's site</subfield>
      </datafield>
      <datafield tag="912" ind1=" " ind2=" ">
         <subfield code="a">Article</subfield>
      </datafield>
      <datafield tag="914" ind1=" " ind2=" ">
         <subfield code="a">Journal:12405</subfield>
         <subfield code="b">0169-2046</subfield>
         <subfield code="c">204</subfield>
         <subfield code="e">103927</subfield>
      </datafield>
      <datafield tag="914" ind1=" " ind2=" ">
         <subfield code="f">Landscape and urban planning</subfield>
      </datafield>
      <datafield tag="916" ind1=" " ind2=" ">
         <subfield code="a">Batch:10115</subfield>
      </datafield>
      <datafield tag="917" ind1=" " ind2=" ">
         <subfield code="a">issued</subfield>
      </datafield>
      <datafield tag="918" ind1="2" ind2=" ">
         <subfield code="a">Elsevier Consyn</subfield>
         <subfield code="e">provider</subfield>
         <subfield code="5">DNAL</subfield>
      </datafield>
      <datafield tag="935" ind1=" " ind2=" ">
         <subfield code="a">IND607081700</subfield>
         <subfield code="9">ExL</subfield>
      </datafield>
      <datafield tag="949" ind1=" " ind2=" ">
         <subfield code="a">2021-07-06</subfield>
      </datafield>
      <datafield tag="953" ind1=" " ind2=" ">
         <subfield code="a">/data/metadata/incoming/consyn/472941069346541453-00001-HEAD-ONLY-REVISEDSUBJECTLIST.ZIP</subfield>
      </datafield>
      <datafield tag="954" ind1=" " ind2=" ">
         <subfield code="a">file:/data/metadata/staging/consyn/S0169204619311971.xml</subfield>
      </datafield>
      <datafield tag="955" ind1=" " ind2=" ">
         <subfield code="a">/data/metadata/staging/consyn/</subfield>
      </datafield>
      <datafield tag="974" ind1=" " ind2=" ">
         <subfield code="a">agid:7081700</subfield>
      </datafield>
      <datafield tag="983" ind1=" " ind2=" ">
         <subfield code="a">2020-10-25</subfield>
      </datafield>
      <datafield tag="984" ind1=" " ind2=" ">
         <subfield code="a">2021-07-06</subfield>
      </datafield>
   </record>