
   <!--Record: 172-->
   <record>
      <leader>04794nab a2200673 u 4500</leader>
      <controlfield tag="001">9915965303107426</controlfield>
      <controlfield tag="005">20221120114735.0</controlfield>
      <controlfield tag="008">210729e202108 xx |||||o|||||||||||eng||</controlfield>
      <datafield tag="016" ind1="7" ind2=" ">
         <subfield code="a">IND607462206</subfield>
         <subfield code="2">DNAL</subfield>
      </datafield>
      <datafield tag="024" ind1="7" ind2=" ">
         <subfield code="a">10.1007/s10342-021-01368-x</subfield>
         <subfield code="2">doi</subfield>
      </datafield>
      <datafield tag="035" ind1=" " ind2=" ">
         <subfield code="a">agid:7462206-01nal_inst</subfield>
      </datafield>
      <datafield tag="040" ind1=" " ind2=" ">
         <subfield code="a">AGL</subfield>
         <subfield code="b">eng</subfield>
         <subfield code="c">AGL</subfield>
      </datafield>
      <datafield tag="100" ind1="1" ind2=" ">
         <subfield code="a">Bāders, Endijs</subfield>
         <subfield code="e">author</subfield>
         <subfield code="u">Latvian State Forest Research Institute “Silava”, Rīgas 111, Salaspils,
        LV-2169, Latvia. endijs.baders@silava.lv</subfield>
         <subfield code="1">https://orcid.org/0000-0003-0447-0838</subfield>
      </datafield>
      <datafield tag="245" ind1="1" ind2="0">
         <subfield code="a">Storm legacies shaping post-windthrow forest regeneration: learnings from
        spatial indices in unmanaged Norway spruce stands</subfield>
      </datafield>
      <datafield tag="300" ind1=" " ind2=" ">
         <subfield code="a">p. 819-833.</subfield>
      </datafield>
      <datafield tag="520" ind1=" " ind2=" ">
         <subfield code="a">The anticipated increase in extreme disturbance events due to climate
        change is likely to expose Norway spruce (Picea abies (L.) Karst.) dominated forests in
        northern Europe to new conditions. Empirical data on the resilience of such natural
        (unmanaged) forests to disturbance and the long-term patterns of regeneration in its
        aftermath are currently scarce. We performed a quantitative assessment of natural forest
        stands in north–western Latvia to identify and characterise the patterns of stand structure
        44 years after a stand-replacing disturbance and investigated the effects of legacies on
        regeneration. The spatial distribution of tree species and their dimensions were assessed in
        71 circular sample plots (500 m² each) in natural forest areas, where Norway spruce
        dominated prior to the windthrow and salvage logging was not carried out. Spatial indices
        (species mingling index, size differentiation index, and aggregation index) were used to
        characterise stand structure and diversity. The different initial states (age and coverage
        of surviving trees) of stands affected eventual tree species dominance, size
        differentiation, degree of mingling and aggregation. Our results demonstrate a close
        relationship between disturbance legacies and spatial indices. The pre-storm understory and
        canopy survivors decreased species mingling, whereas survivors increased size
        differentiation. The size differentiation increased also with a higher degree of species
        mingling. Leaving differential post-storm legacies untouched promotes a higher structural
        and species diversity and therefore supports the management approach of preserving canopy
        survivors.</subfield>
      </datafield>
      <datafield tag="592" ind1=" " ind2=" ">
         <subfield code="a">Publisher supplied data</subfield>
      </datafield>
      <datafield tag="593" ind1=" " ind2=" ">
         <subfield code="a">PubAg article</subfield>
      </datafield>
      <datafield tag="596" ind1=" " ind2=" ">
         <subfield code="a">1.1.1.2/VIAA/1/16/120</subfield>
         <subfield code="c">European Regional Development Fund</subfield>
      </datafield>
      <datafield tag="650" ind1=" " ind2="3">
         <subfield code="a">Picea abies</subfield>
      </datafield>
      <datafield tag="650" ind1=" " ind2="3">
         <subfield code="a">canopy</subfield>
      </datafield>
      <datafield tag="650" ind1=" " ind2="3">
         <subfield code="a">climate change</subfield>
      </datafield>
      <datafield tag="650" ind1=" " ind2="3">
         <subfield code="a">forest regeneration</subfield>
      </datafield>
      <datafield tag="650" ind1=" " ind2="3">
         <subfield code="a">forests</subfield>
      </datafield>
      <datafield tag="650" ind1=" " ind2="3">
         <subfield code="a">research</subfield>
      </datafield>
      <datafield tag="650" ind1=" " ind2="3">
         <subfield code="a">species diversity</subfield>
      </datafield>
      <datafield tag="650" ind1=" " ind2="3">
         <subfield code="a">stand structure</subfield>
      </datafield>
      <datafield tag="650" ind1=" " ind2="3">
         <subfield code="a">storms</subfield>
      </datafield>
      <datafield tag="650" ind1=" " ind2="3">
         <subfield code="a">trees</subfield>
      </datafield>
      <datafield tag="650" ind1=" " ind2="3">
         <subfield code="a">understory</subfield>
      </datafield>
      <datafield tag="650" ind1=" " ind2="3">
         <subfield code="a">windthrow</subfield>
      </datafield>
      <datafield tag="651" ind1=" " ind2="3">
         <subfield code="a">Latvia</subfield>
      </datafield>
      <datafield tag="651" ind1=" " ind2="3">
         <subfield code="a">Northern European region</subfield>
      </datafield>
      <datafield tag="700" ind1="1" ind2=" ">
         <subfield code="a">Jõgiste, Kalev</subfield>
         <subfield code="e">author</subfield>
         <subfield code="u">Institute of Forestry and Rural Engineering, Estonian University of Life
        Sciences, Kreutzwaldi 5, 51014, Tartu, Estonia</subfield>
      </datafield>
      <datafield tag="700" ind1="1" ind2=" ">
         <subfield code="a">Elferts, Didzis</subfield>
         <subfield code="e">author</subfield>
         <subfield code="u">Latvian State Forest Research Institute “Silava”, Rīgas 111, Salaspils,
        LV-2169, Latvia</subfield>
      </datafield>
      <datafield tag="700" ind1="1" ind2=" ">
         <subfield code="a">Vodde, Floortje</subfield>
         <subfield code="e">author</subfield>
         <subfield code="u">Institute of Forestry and Rural Engineering, Estonian University of Life
        Sciences, Kreutzwaldi 5, 51014, Tartu, Estonia</subfield>
      </datafield>
      <datafield tag="700" ind1="1" ind2=" ">
         <subfield code="a">Kiviste, Andres</subfield>
         <subfield code="e">author</subfield>
         <subfield code="u">Institute of Forestry and Rural Engineering, Estonian University of Life
        Sciences, Kreutzwaldi 5, 51014, Tartu, Estonia</subfield>
      </datafield>
      <datafield tag="700" ind1="1" ind2=" ">
         <subfield code="a">Luguza, Solveiga</subfield>
         <subfield code="e">author</subfield>
         <subfield code="u">Forestry Faculty, Latvia University of Life Sciences and Technologies,
        Lielā 2, Jelgava, 3LV-3001, Latvia</subfield>
      </datafield>
      <datafield tag="700" ind1="1" ind2=" ">
         <subfield code="a">Jansons, Āris</subfield>
         <subfield code="e">author</subfield>
         <subfield code="u">Latvian State Forest Research Institute “Silava”, Rīgas 111, Salaspils,
        LV-2169, Latvia</subfield>
      </datafield>
      <datafield tag="773" ind1="0" ind2=" ">
         <subfield code="t">European journal of forest research.</subfield>
         <subfield code="g">2021 Aug., v. 140, no. 4 p.819-833</subfield>
         <subfield code="d">Springer Berlin Heidelberg</subfield>
         <subfield code="w">Journal:jnl3870054</subfield>
         <subfield code="x">1612-4669</subfield>
         <subfield code="7">nnas</subfield>
      </datafield>
      <datafield tag="787" ind1="1" ind2=" ">
         <subfield code="o">islandora_article_repository</subfield>
      </datafield>
      <datafield tag="787" ind1="1" ind2=" ">
         <subfield code="o">product_pubag</subfield>
      </datafield>
      <datafield tag="787" ind1="1" ind2=" ">
         <subfield code="o">(Journal)jnl3870054</subfield>
      </datafield>
      <datafield tag="856" ind1="4" ind2="0">
         <subfield code="u">http://dx.doi.org/10.1007/s10342-021-01368-x</subfield>
         <subfield code="3">Available from publisher's site</subfield>
      </datafield>
      <datafield tag="912" ind1=" " ind2=" ">
         <subfield code="a">Article</subfield>
      </datafield>
      <datafield tag="914" ind1=" " ind2=" ">
         <subfield code="a">Journal:jnl3870054</subfield>
         <subfield code="b">1612-4669</subfield>
         <subfield code="c">140</subfield>
         <subfield code="d">4</subfield>
         <subfield code="e">819</subfield>
      </datafield>
      <datafield tag="914" ind1=" " ind2=" ">
         <subfield code="f">European journal of forest research</subfield>
      </datafield>
      <datafield tag="916" ind1=" " ind2=" ">
         <subfield code="a">Batch:10183</subfield>
      </datafield>
      <datafield tag="917" ind1=" " ind2=" ">
         <subfield code="a">issued</subfield>
      </datafield>
      <datafield tag="918" ind1="2" ind2=" ">
         <subfield code="a">Springer</subfield>
         <subfield code="e">provider</subfield>
         <subfield code="5">DNAL</subfield>
      </datafield>
      <datafield tag="935" ind1=" " ind2=" ">
         <subfield code="a">IND607462206</subfield>
         <subfield code="9">ExL</subfield>
      </datafield>
      <datafield tag="949" ind1=" " ind2=" ">
         <subfield code="a">2022-02-11</subfield>
      </datafield>
      <datafield tag="952" ind1=" " ind2=" ">
         <subfield code="d">NAL-AP-2-clean</subfield>
      </datafield>
      <datafield tag="953" ind1=" " ind2=" ">
         <subfield code="a">/data/metadata/incoming/springer/ftp_PUB_21-07-29_05-20-36.zip</subfield>
      </datafield>
      <datafield tag="954" ind1=" " ind2=" ">
         <subfield code="a">file:/data/metadata/staging/springer/10342-140-4.xml</subfield>
      </datafield>
      <datafield tag="955" ind1=" " ind2=" ">
         <subfield code="a">/data/metadata/staging/springer/</subfield>
      </datafield>
      <datafield tag="974" ind1=" " ind2=" ">
         <subfield code="a">agid:7462206</subfield>
      </datafield>
      <datafield tag="983" ind1=" " ind2=" ">
         <subfield code="a">2021-07-29</subfield>
      </datafield>
      <datafield tag="984" ind1=" " ind2=" ">
         <subfield code="a">2022-02-11</subfield>
      </datafield>
   </record>