
   <!--Record: 173-->
   <record>
      <leader>03571nab a2200505 u 4500</leader>
      <controlfield tag="001">9915965745107426</controlfield>
      <controlfield tag="005">20221120185340.0</controlfield>
      <controlfield tag="008">160128e20100301xx |||||o|||||||||||eng||</controlfield>
      <datafield tag="016" ind1="7" ind2=" ">
         <subfield code="a">IND604805843</subfield>
         <subfield code="2">DNAL</subfield>
      </datafield>
      <datafield tag="024" ind1="7" ind2=" ">
         <subfield code="a">10.14358/PERS.76.3.319</subfield>
         <subfield code="2">doi</subfield>
      </datafield>
      <datafield tag="035" ind1=" " ind2=" ">
         <subfield code="a">agid:4805843-01nal_inst</subfield>
      </datafield>
      <datafield tag="040" ind1=" " ind2=" ">
         <subfield code="a">AGL</subfield>
         <subfield code="b">eng</subfield>
         <subfield code="c">AGL</subfield>
      </datafield>
      <datafield tag="100" ind1="1" ind2=" ">
         <subfield code="a">Niccolai, Andrew</subfield>
         <subfield code="e">author</subfield>
         <subfield code="u">US Coast Guard Research and Development Center, School of Forestry and
        Environmental Studies, Yale University, 1 Chelsea Street, New London, CT, New Haven,
        CT</subfield>
      </datafield>
      <datafield tag="245" ind1="1" ind2="0">
         <subfield code="a">Point Set Topology Extraction for Branch and Crown-level Species
        Classification</subfield>
      </datafield>
      <datafield tag="300" ind1=" " ind2=" ">
         <subfield code="a">p. 319-330.</subfield>
      </datafield>
      <datafield tag="520" ind1=" " ind2=" ">
         <subfield code="a">&lt;p&gt;&lt;i&gt;Contextually-based distance and proximity functions
        derived from the axioms of point set topology are applied at the branch and crown-level for
        species differentiation between eastern hemlock (Tsuga canadensis) and eastern white pine
        (Pinus strobus). Point set topology is a branch of mathematics that offers methods to
        describe the connectivity and orientation of spatial objects and therefore allows object
        grouping based on spatial characteristic metrics unlike traditional fixed distance measures
        imposed from a global metric. Local neighborhood membership functions based on topological
        space are robust to variation in object sizes within a fixed image resolution and are
        therefore useful for describing spatial characteristics in highly variable objects such as
        tree morphology. We investigated the utility of topological space for describing
        branch-level needle orientations and crown-level patterns of high and low spectral intensity
        clusters. Branch-level measures of orientations within topologically-derived neighborhoods
        resulted in a classification accuracy of 96 percent for hemlock and pine; this represents a
        23 percentage point (pp) improvement over traditional spectral feature classification. A
        crown-level species feature extraction and classification methodology that incorporated a
        local Getis (Gi*) statistic contour analysis produced species discrimination results that
        were improved by 8 pp for an overall accuracy of 85 percent over traditional color and
        shape-based feature classification.&lt;/i&gt;&lt;/p&gt;</subfield>
      </datafield>
      <datafield tag="592" ind1=" " ind2=" ">
         <subfield code="a">Publisher supplied data</subfield>
      </datafield>
      <datafield tag="593" ind1=" " ind2=" ">
         <subfield code="a">PubAg article</subfield>
      </datafield>
      <datafield tag="650" ind1=" " ind2="3">
         <subfield code="a">Pinus strobus</subfield>
      </datafield>
      <datafield tag="650" ind1=" " ind2="3">
         <subfield code="a">Tsuga canadensis</subfield>
      </datafield>
      <datafield tag="650" ind1=" " ind2="3">
         <subfield code="a">color</subfield>
      </datafield>
      <datafield tag="650" ind1=" " ind2="3">
         <subfield code="a">mathematics</subfield>
      </datafield>
      <datafield tag="650" ind1=" " ind2="3">
         <subfield code="a">topology</subfield>
      </datafield>
      <datafield tag="650" ind1=" " ind2="3">
         <subfield code="a">trees</subfield>
      </datafield>
      <datafield tag="700" ind1="1" ind2=" ">
         <subfield code="a">Niccolai, Melissa</subfield>
         <subfield code="e">author</subfield>
         <subfield code="u">Department of Forestry, Metropolitan District Commission, Hartford,
        CT</subfield>
      </datafield>
      <datafield tag="700" ind1="1" ind2=" ">
         <subfield code="a">Dearing Oliver, Chadwick</subfield>
         <subfield code="e">author</subfield>
         <subfield code="u">School of Forestry and Environmental Studies, Yale University, New Haven,
        CT</subfield>
      </datafield>
      <datafield tag="773" ind1="0" ind2=" ">
         <subfield code="t">Photogrammetric engineering and remote sensing.</subfield>
         <subfield code="g">2010 Mar. 1, v. 76, no. 3 p.319-330</subfield>
         <subfield code="d">American Society for Photogrammetry and Remote Sensing</subfield>
         <subfield code="x">0099-1112</subfield>
         <subfield code="7">nnas</subfield>
      </datafield>
      <datafield tag="787" ind1="1" ind2=" ">
         <subfield code="o">islandora_article_repository</subfield>
      </datafield>
      <datafield tag="787" ind1="1" ind2=" ">
         <subfield code="o">product_pubag</subfield>
      </datafield>
      <datafield tag="787" ind1="1" ind2=" ">
         <subfield code="o">(Journal)12345</subfield>
      </datafield>
      <datafield tag="856" ind1="4" ind2="0">
         <subfield code="u">http://dx.doi.org/10.14358%2FPERS.76.3.319</subfield>
         <subfield code="3">Available from publisher's site</subfield>
      </datafield>
      <datafield tag="912" ind1=" " ind2=" ">
         <subfield code="a">Article</subfield>
      </datafield>
      <datafield tag="914" ind1=" " ind2=" ">
         <subfield code="a">Journal:12345</subfield>
         <subfield code="b">0099-1112</subfield>
         <subfield code="c">76</subfield>
         <subfield code="d">3</subfield>
         <subfield code="e">319</subfield>
      </datafield>
      <datafield tag="914" ind1=" " ind2=" ">
         <subfield code="f">Photogrammetric engineering and remote sensing</subfield>
      </datafield>
      <datafield tag="916" ind1=" " ind2=" ">
         <subfield code="a">Batch:1410</subfield>
      </datafield>
      <datafield tag="917" ind1=" " ind2=" ">
         <subfield code="a">issued</subfield>
      </datafield>
      <datafield tag="918" ind1="2" ind2=" ">
         <subfield code="a">Akademiai Kiado</subfield>
         <subfield code="e">provider</subfield>
         <subfield code="5">DNAL</subfield>
      </datafield>
      <datafield tag="935" ind1=" " ind2=" ">
         <subfield code="a">IND604805843</subfield>
         <subfield code="9">ExL</subfield>
      </datafield>
      <datafield tag="949" ind1=" " ind2=" ">
         <subfield code="a">2016-10-12</subfield>
      </datafield>
      <datafield tag="953" ind1=" " ind2=" ">
         <subfield code="a">PHOTOG_PERS_76_3.zip</subfield>
      </datafield>
      <datafield tag="962" ind1=" " ind2=" ">
         <subfield code="a">Journal title changed from 'Photogrammetric Engineering &amp; Remote
        Sensing'</subfield>
      </datafield>
      <datafield tag="962" ind1=" " ind2=" ">
         <subfield code="a">Batch:1410 reviewed on 2016-10-12T16:00:02Z</subfield>
      </datafield>
      <datafield tag="974" ind1=" " ind2=" ">
         <subfield code="a">agid:4805843</subfield>
      </datafield>
      <datafield tag="983" ind1=" " ind2=" ">
         <subfield code="a">2016-01-28</subfield>
      </datafield>
      <datafield tag="984" ind1=" " ind2=" ">
         <subfield code="a">2016-10-12</subfield>
      </datafield>
   </record>