
   <!--Record: 175-->
   <record>
      <leader>04565nab a2200709 u 4500</leader>
      <controlfield tag="001">9915966270107426</controlfield>
      <controlfield tag="005">20221121063800.0</controlfield>
      <controlfield tag="008">190319e20140210xx |||||o|||||||||||eng||</controlfield>
      <datafield tag="016" ind1="7" ind2=" ">
         <subfield code="a">IND605380667</subfield>
         <subfield code="2">DNAL</subfield>
      </datafield>
      <datafield tag="024" ind1="7" ind2=" ">
         <subfield code="a">10.1016/j.ecolmodel.2013.10.017</subfield>
         <subfield code="2">doi</subfield>
      </datafield>
      <datafield tag="035" ind1=" " ind2=" ">
         <subfield code="a">agid:5380667-01nal_inst</subfield>
      </datafield>
      <datafield tag="040" ind1=" " ind2=" ">
         <subfield code="a">AGL</subfield>
         <subfield code="b">eng</subfield>
         <subfield code="c">AGL</subfield>
      </datafield>
      <datafield tag="100" ind1="1" ind2=" ">
         <subfield code="a">Mao, Zhun</subfield>
         <subfield code="e">author</subfield>
         <subfield code="u">IRSTEA, 2 Rue de la Papeterie, BP 76, 38402 Saint Martin d’Hères Cedex,
        France</subfield>
      </datafield>
      <datafield tag="245" ind1="1" ind2="0">
         <subfield code="a">Three-dimensional modelling of slope stability in heterogeneous montane
        forest ecosystems</subfield>
      </datafield>
      <datafield tag="300" ind1=" " ind2=" ">
         <subfield code="a">p. 11-22.</subfield>
      </datafield>
      <datafield tag="520" ind1=" " ind2=" ">
         <subfield code="a">Vegetation can play an important role in stabilizing soil against shallow
        landslides. Using a three-dimensional (3D) finite element method, we developed a model to
        study the impact of different management scenarios on slope stability in mountain forests.
        Ground truth data were obtained from a mixed forest ecosystem situated at an altitude of
        1400m a.s.l. in the French Alps. Five scenarios representing the forest at different spatial
        and temporal stages of management were selected: [A] bare soil, [B] tree island (i.e. tree
        groups growing in clusters) on bare soil, [C] new gap (i.e. canopy free zones with little
        understorey) in homogeneous forest, [D] old gap (i.e. canopy free zones with abundant
        understorey) in homogeneous forest and [E] homogeneous forest. For scenarios [B], [C] and
        [D], the locations of the vegetated patch along the slope (top, centre and toe) were also
        tested, to determine if vegetation patterns influenced slope stability. As plant roots play
        a crucial role in reinforcing soil, we altered the 3D spatial distribution of root density
        in the model using real data. By calculating the factor of safety (FoS), i.e. a measure of
        the likelihood that the slope will fail, we show that slope morphology, including angle and
        soil depth, play an essential role in slope stability. Vegetation also exhibited a positive
        effect on slope stability, but the efficiency of this effect was significantly influenced by
        slope morphology and root distribution with regard to soil depth. In particular, if a layer
        of soil beneath the most superficial rooting zone contained few roots, slope integrity was
        compromised. Compared to bare soil, the FoS increase due to vegetation was only ≤0.2 (i.e.
        ≤15%), when deeper soil layers contained few or no roots. However, if the soil profile
        contained roots throughout, the FoS increase was &gt;25% higher. We highlight the importance
        of taking into account spatial complexity and refining the output, i.e. FoS, during the
        modelling of slope stability, which can only be achieved through the use of 3D
        models.</subfield>
      </datafield>
      <datafield tag="592" ind1=" " ind2=" ">
         <subfield code="a">Publisher supplied data</subfield>
      </datafield>
      <datafield tag="593" ind1=" " ind2=" ">
         <subfield code="a">PubAg article</subfield>
      </datafield>
      <datafield tag="650" ind1=" " ind2="3">
         <subfield code="a">altitude</subfield>
      </datafield>
      <datafield tag="650" ind1=" " ind2="3">
         <subfield code="a">finite element analysis</subfield>
      </datafield>
      <datafield tag="650" ind1=" " ind2="3">
         <subfield code="a">forest ecosystems</subfield>
      </datafield>
      <datafield tag="650" ind1=" " ind2="3">
         <subfield code="a">landslides</subfield>
      </datafield>
      <datafield tag="650" ind1=" " ind2="3">
         <subfield code="a">mixed forests</subfield>
      </datafield>
      <datafield tag="650" ind1=" " ind2="3">
         <subfield code="a">models</subfield>
      </datafield>
      <datafield tag="650" ind1=" " ind2="3">
         <subfield code="a">montane forests</subfield>
      </datafield>
      <datafield tag="650" ind1=" " ind2="3">
         <subfield code="a">rooting</subfield>
      </datafield>
      <datafield tag="650" ind1=" " ind2="3">
         <subfield code="a">roots</subfield>
      </datafield>
      <datafield tag="650" ind1=" " ind2="3">
         <subfield code="a">safety factor</subfield>
      </datafield>
      <datafield tag="650" ind1=" " ind2="3">
         <subfield code="a">soil depth</subfield>
      </datafield>
      <datafield tag="650" ind1=" " ind2="3">
         <subfield code="a">soil profiles</subfield>
      </datafield>
      <datafield tag="650" ind1=" " ind2="3">
         <subfield code="a">trees</subfield>
      </datafield>
      <datafield tag="650" ind1=" " ind2="3">
         <subfield code="a">understory</subfield>
      </datafield>
      <datafield tag="651" ind1=" " ind2="3">
         <subfield code="a">Alps region</subfield>
      </datafield>
      <datafield tag="651" ind1=" " ind2="3">
         <subfield code="a">France</subfield>
      </datafield>
      <datafield tag="653" ind1=" " ind2="0">
         <subfield code="a">Finite element model</subfield>
      </datafield>
      <datafield tag="653" ind1=" " ind2="0">
         <subfield code="a">Factor of safety</subfield>
      </datafield>
      <datafield tag="653" ind1=" " ind2="0">
         <subfield code="a">Landslide</subfield>
      </datafield>
      <datafield tag="653" ind1=" " ind2="0">
         <subfield code="a">Roots</subfield>
      </datafield>
      <datafield tag="653" ind1=" " ind2="0">
         <subfield code="a">ABAQUS</subfield>
      </datafield>
      <datafield tag="653" ind1=" " ind2="0">
         <subfield code="a">Soil reinforcement</subfield>
      </datafield>
      <datafield tag="700" ind1="1" ind2=" ">
         <subfield code="a">Bourrier, Franck</subfield>
         <subfield code="e">author</subfield>
         <subfield code="u">IRSTEA, 2 Rue de la Papeterie, BP 76, 38402 Saint Martin d’Hères Cedex,
        France</subfield>
      </datafield>
      <datafield tag="700" ind1="1" ind2=" ">
         <subfield code="a">Stokes, Alexia</subfield>
         <subfield code="e">author</subfield>
         <subfield code="u">INRA, UMR AMAP, Boulevard de la Lironde, 34398 Montpellier Cedex 5,
        France</subfield>
      </datafield>
      <datafield tag="700" ind1="1" ind2=" ">
         <subfield code="a">Fourcaud, Thierry</subfield>
         <subfield code="e">author</subfield>
         <subfield code="u">CIRAD, UMR AMAP, Boulevard de la Lironde, 34398 Montpellier Cedex 5,
        France</subfield>
      </datafield>
      <datafield tag="773" ind1="0" ind2=" ">
         <subfield code="t">Ecological modelling.</subfield>
         <subfield code="g">2014 Feb. 10, v. 273 p.11-22</subfield>
         <subfield code="d">Elsevier B.V.</subfield>
         <subfield code="w">Journal:jnl6191</subfield>
         <subfield code="x">0304-3800</subfield>
         <subfield code="7">nnas</subfield>
      </datafield>
      <datafield tag="787" ind1="1" ind2=" ">
         <subfield code="o">islandora_article_repository</subfield>
      </datafield>
      <datafield tag="787" ind1="1" ind2=" ">
         <subfield code="o">product_pubag</subfield>
      </datafield>
      <datafield tag="787" ind1="1" ind2=" ">
         <subfield code="o">(Journal)jnl6191</subfield>
      </datafield>
      <datafield tag="856" ind1="4" ind2="0">
         <subfield code="u">https://dx.doi.org/10.1016/j.ecolmodel.2013.10.017</subfield>
         <subfield code="3">Available from publisher's site</subfield>
      </datafield>
      <datafield tag="912" ind1=" " ind2=" ">
         <subfield code="a">Article</subfield>
      </datafield>
      <datafield tag="914" ind1=" " ind2=" ">
         <subfield code="a">Journal:jnl6191</subfield>
         <subfield code="b">0304-3800</subfield>
         <subfield code="c">273</subfield>
         <subfield code="e">11</subfield>
      </datafield>
      <datafield tag="914" ind1=" " ind2=" ">
         <subfield code="f">Ecological modelling</subfield>
      </datafield>
      <datafield tag="916" ind1=" " ind2=" ">
         <subfield code="a">Batch:1515</subfield>
      </datafield>
      <datafield tag="917" ind1=" " ind2=" ">
         <subfield code="a">issued</subfield>
      </datafield>
      <datafield tag="918" ind1="2" ind2=" ">
         <subfield code="a">Elsevier Consyn</subfield>
         <subfield code="e">provider</subfield>
         <subfield code="5">DNAL</subfield>
      </datafield>
      <datafield tag="935" ind1=" " ind2=" ">
         <subfield code="a">IND605380667</subfield>
         <subfield code="9">ExL</subfield>
      </datafield>
      <datafield tag="949" ind1=" " ind2=" ">
         <subfield code="a">2019-03-19</subfield>
      </datafield>
      <datafield tag="953" ind1=" " ind2=" ">
         <subfield code="a">/data/metadata/incoming/consyn/46-2-00052-HEAD-ONLY.zip</subfield>
      </datafield>
      <datafield tag="954" ind1=" " ind2=" ">
         <subfield code="a">file:/data/metadata/staging/consyn/S0304380013004845.xml</subfield>
      </datafield>
      <datafield tag="955" ind1=" " ind2=" ">
         <subfield code="a">/data/metadata/staging/consyn/</subfield>
      </datafield>
      <datafield tag="974" ind1=" " ind2=" ">
         <subfield code="a">agid:5380667</subfield>
      </datafield>
      <datafield tag="983" ind1=" " ind2=" ">
         <subfield code="a">2019-03-19</subfield>
      </datafield>
      <datafield tag="984" ind1=" " ind2=" ">
         <subfield code="a">2019-03-19</subfield>
      </datafield>
   </record>