
   <!--Record: 176-->
   <record>
      <leader>05272nab a2200745 u 4500</leader>
      <controlfield tag="001">9915966275507426</controlfield>
      <controlfield tag="005">20221121063657.0</controlfield>
      <controlfield tag="008">190319e20140124xx |||||o|||||||||||eng||</controlfield>
      <datafield tag="016" ind1="7" ind2=" ">
         <subfield code="a">IND605380638</subfield>
         <subfield code="2">DNAL</subfield>
      </datafield>
      <datafield tag="024" ind1="7" ind2=" ">
         <subfield code="a">10.1016/j.ecolmodel.2013.09.016</subfield>
         <subfield code="2">doi</subfield>
      </datafield>
      <datafield tag="035" ind1=" " ind2=" ">
         <subfield code="a">agid:5380638-01nal_inst</subfield>
      </datafield>
      <datafield tag="040" ind1=" " ind2=" ">
         <subfield code="a">AGL</subfield>
         <subfield code="b">eng</subfield>
         <subfield code="c">AGL</subfield>
      </datafield>
      <datafield tag="100" ind1="1" ind2=" ">
         <subfield code="a">Collalti, Alessio</subfield>
         <subfield code="e">author</subfield>
         <subfield code="u">EuroMediterranean Center on Climate Changes – Impacts on Agriculture,
        Forest and Natural Ecosystem Division (IAFENT), 01100 Viterbo, VT, Italy</subfield>
         <subfield code="1">https://orcid.org/0000-0002-4980-8487</subfield>
      </datafield>
      <datafield tag="245" ind1="1" ind2="2">
         <subfield code="a">A process-based model to simulate growth in forests with complex structure:
        Evaluation and use of 3D-CMCC Forest Ecosystem Model in a deciduous forest in Central
        Italy</subfield>
      </datafield>
      <datafield tag="300" ind1=" " ind2=" ">
         <subfield code="a">p. 362-378.</subfield>
      </datafield>
      <datafield tag="520" ind1=" " ind2=" ">
         <subfield code="a">Forest ecosystems are characterized by high spatial heterogeneity, often
        related to complex composition and vertical structure which is a challenge in many
        process-based models. The need to expand process-based models (PBMs) to take in account such
        structural complexity led to development and testing of a new approach into Forest Ecosystem
        Models (FEMs), named 3D-CMCC-FEM, able to investigate carbon and water fluxes, including
        biomass pools and their partitioning, for complex multi-layer forests. 3D-CMCC FEM
        integrates several characteristics of the functional–structural tree models and the
        robustness of the light use efficiency (LUE) approach to investigate forest growth patterns
        and yield processes. The modelling approach was tested by simulating the effects of
        competition for light and water, growth and yield of a two-layered deciduous forest
        dominated by Turkey Oak in central Italy for a period of eight years. The model outputs were
        validated against a series of independently measured data for the major biomass pools, the
        inter-annual stem increments and above-ground net primary productivity of the overstorey and
        understorey, respectively. The comparison of Leaf Area Index, Gross Primary Production, and
        evapotranspiration produced by the model against MODIS data showed agreement in results. In
        addition, the multi-layered model approach was evaluated against a series of simplified
        versions to determine whether the enhanced complexity of the model positively contributed to
        its predictive ability. The proposed model reduced the error in the estimates of forest
        productivity (e.g. NPP) and dynamics (e.g. growth, mortality) and indicates the importance
        of considering, as far as possible, the structural complexity in PBMs.</subfield>
      </datafield>
      <datafield tag="592" ind1=" " ind2=" ">
         <subfield code="a">Publisher supplied data</subfield>
      </datafield>
      <datafield tag="593" ind1=" " ind2=" ">
         <subfield code="a">PubAg article</subfield>
      </datafield>
      <datafield tag="650" ind1=" " ind2="3">
         <subfield code="a">Quercus</subfield>
      </datafield>
      <datafield tag="650" ind1=" " ind2="3">
         <subfield code="a">biomass</subfield>
      </datafield>
      <datafield tag="650" ind1=" " ind2="3">
         <subfield code="a">carbon</subfield>
      </datafield>
      <datafield tag="650" ind1=" " ind2="3">
         <subfield code="a">deciduous forests</subfield>
      </datafield>
      <datafield tag="650" ind1=" " ind2="3">
         <subfield code="a">evapotranspiration</subfield>
      </datafield>
      <datafield tag="650" ind1=" " ind2="3">
         <subfield code="a">forest ecosystems</subfield>
      </datafield>
      <datafield tag="650" ind1=" " ind2="3">
         <subfield code="a">forest growth</subfield>
      </datafield>
      <datafield tag="650" ind1=" " ind2="3">
         <subfield code="a">leaf area index</subfield>
      </datafield>
      <datafield tag="650" ind1=" " ind2="3">
         <subfield code="a">moderate resolution imaging spectroradiometer</subfield>
      </datafield>
      <datafield tag="650" ind1=" " ind2="3">
         <subfield code="a">mortality</subfield>
      </datafield>
      <datafield tag="650" ind1=" " ind2="3">
         <subfield code="a">overstory</subfield>
      </datafield>
      <datafield tag="650" ind1=" " ind2="3">
         <subfield code="a">primary productivity</subfield>
      </datafield>
      <datafield tag="650" ind1=" " ind2="3">
         <subfield code="a">simulation models</subfield>
      </datafield>
      <datafield tag="650" ind1=" " ind2="3">
         <subfield code="a">spatial variation</subfield>
      </datafield>
      <datafield tag="650" ind1=" " ind2="3">
         <subfield code="a">trees</subfield>
      </datafield>
      <datafield tag="650" ind1=" " ind2="3">
         <subfield code="a">understory</subfield>
      </datafield>
      <datafield tag="651" ind1=" " ind2="3">
         <subfield code="a">Italy</subfield>
      </datafield>
      <datafield tag="653" ind1=" " ind2="0">
         <subfield code="a">Process-based models</subfield>
      </datafield>
      <datafield tag="653" ind1=" " ind2="0">
         <subfield code="a">Light competition</subfield>
      </datafield>
      <datafield tag="653" ind1=" " ind2="0">
         <subfield code="a">Forest structure and functioning</subfield>
      </datafield>
      <datafield tag="653" ind1=" " ind2="0">
         <subfield code="a">Forest growth and productivity</subfield>
      </datafield>
      <datafield tag="653" ind1=" " ind2="0">
         <subfield code="a">Climate change</subfield>
      </datafield>
      <datafield tag="700" ind1="1" ind2=" ">
         <subfield code="a">Perugini, Lucia</subfield>
         <subfield code="e">author</subfield>
         <subfield code="u">University of Tuscia – Department for Innovation in Biological, Agro-Food
        and Forest Systems (DIBAF), 01100 Viterbo, VT, Italy</subfield>
      </datafield>
      <datafield tag="700" ind1="1" ind2=" ">
         <subfield code="a">Santini, Monia</subfield>
         <subfield code="e">author</subfield>
         <subfield code="u">EuroMediterranean Center on Climate Changes – Impacts on Agriculture,
        Forest and Natural Ecosystem Division (IAFENT), 01100 Viterbo, VT, Italy</subfield>
      </datafield>
      <datafield tag="700" ind1="1" ind2=" ">
         <subfield code="a">Chiti, Tommaso</subfield>
         <subfield code="e">author</subfield>
         <subfield code="u">University of Tuscia – Department for Innovation in Biological, Agro-Food
        and Forest Systems (DIBAF), 01100 Viterbo, VT, Italy</subfield>
      </datafield>
      <datafield tag="700" ind1="1" ind2=" ">
         <subfield code="a">Nolè, Angelo</subfield>
         <subfield code="e">author</subfield>
         <subfield code="u">School of Agricultural, Forestry, Food and Environmental Sciences (SAFAA) –
        University of Basilicata, 85100 Potenza, PZ, Italy</subfield>
      </datafield>
      <datafield tag="700" ind1="1" ind2=" ">
         <subfield code="a">Matteucci, Giorgio</subfield>
         <subfield code="e">author</subfield>
         <subfield code="u">CNR-ISAFOM – National Research Council, Institute for Agricultural and
        Forestry Systems in the Mediterranean, 87036 Rende, CS, Italy</subfield>
      </datafield>
      <datafield tag="700" ind1="1" ind2=" ">
         <subfield code="a">Valentini, Riccardo</subfield>
         <subfield code="e">author</subfield>
         <subfield code="u">EuroMediterranean Center on Climate Changes – Impacts on Agriculture,
        Forest and Natural Ecosystem Division (IAFENT), 01100 Viterbo, VT, Italy</subfield>
      </datafield>
      <datafield tag="773" ind1="0" ind2=" ">
         <subfield code="t">Ecological modelling.</subfield>
         <subfield code="g">2014 Jan. 24, v. 272 p.362-378</subfield>
         <subfield code="d">Elsevier B.V.</subfield>
         <subfield code="w">Journal:jnl6191</subfield>
         <subfield code="x">0304-3800</subfield>
         <subfield code="7">nnas</subfield>
      </datafield>
      <datafield tag="787" ind1="1" ind2=" ">
         <subfield code="o">islandora_article_repository</subfield>
      </datafield>
      <datafield tag="787" ind1="1" ind2=" ">
         <subfield code="o">product_pubag</subfield>
      </datafield>
      <datafield tag="787" ind1="1" ind2=" ">
         <subfield code="o">(Journal)jnl6191</subfield>
      </datafield>
      <datafield tag="856" ind1="4" ind2="0">
         <subfield code="u">https://dx.doi.org/10.1016/j.ecolmodel.2013.09.016</subfield>
         <subfield code="3">Available from publisher's site</subfield>
      </datafield>
      <datafield tag="912" ind1=" " ind2=" ">
         <subfield code="a">Article</subfield>
      </datafield>
      <datafield tag="914" ind1=" " ind2=" ">
         <subfield code="a">Journal:jnl6191</subfield>
         <subfield code="b">0304-3800</subfield>
         <subfield code="c">272</subfield>
         <subfield code="e">362</subfield>
      </datafield>
      <datafield tag="914" ind1=" " ind2=" ">
         <subfield code="f">Ecological modelling</subfield>
      </datafield>
      <datafield tag="916" ind1=" " ind2=" ">
         <subfield code="a">Batch:1515</subfield>
      </datafield>
      <datafield tag="917" ind1=" " ind2=" ">
         <subfield code="a">issued</subfield>
      </datafield>
      <datafield tag="918" ind1="2" ind2=" ">
         <subfield code="a">Elsevier Consyn</subfield>
         <subfield code="e">provider</subfield>
         <subfield code="5">DNAL</subfield>
      </datafield>
      <datafield tag="935" ind1=" " ind2=" ">
         <subfield code="a">IND605380638</subfield>
         <subfield code="9">ExL</subfield>
      </datafield>
      <datafield tag="949" ind1=" " ind2=" ">
         <subfield code="a">2019-03-19</subfield>
      </datafield>
      <datafield tag="953" ind1=" " ind2=" ">
         <subfield code="a">/data/metadata/incoming/consyn/46-2-00052-HEAD-ONLY.zip</subfield>
      </datafield>
      <datafield tag="954" ind1=" " ind2=" ">
         <subfield code="a">file:/data/metadata/staging/consyn/S0304380013004456.xml</subfield>
      </datafield>
      <datafield tag="955" ind1=" " ind2=" ">
         <subfield code="a">/data/metadata/staging/consyn/</subfield>
      </datafield>
      <datafield tag="974" ind1=" " ind2=" ">
         <subfield code="a">agid:5380638</subfield>
      </datafield>
      <datafield tag="983" ind1=" " ind2=" ">
         <subfield code="a">2019-03-19</subfield>
      </datafield>
      <datafield tag="984" ind1=" " ind2=" ">
         <subfield code="a">2019-03-19</subfield>
      </datafield>
   </record>