
   <!--Record: 177-->
   <record>
      <leader>04864nab a2200685 u 4500</leader>
      <controlfield tag="001">9915966276107426</controlfield>
      <controlfield tag="005">20221121063900.0</controlfield>
      <controlfield tag="008">190319e20140124xx |||||o|||||||||||eng||</controlfield>
      <datafield tag="016" ind1="7" ind2=" ">
         <subfield code="a">IND605380633</subfield>
         <subfield code="2">DNAL</subfield>
      </datafield>
      <datafield tag="024" ind1="7" ind2=" ">
         <subfield code="a">10.1016/j.ecolmodel.2013.09.011</subfield>
         <subfield code="2">doi</subfield>
      </datafield>
      <datafield tag="035" ind1=" " ind2=" ">
         <subfield code="a">agid:5380633-01nal_inst</subfield>
      </datafield>
      <datafield tag="040" ind1=" " ind2=" ">
         <subfield code="a">AGL</subfield>
         <subfield code="b">eng</subfield>
         <subfield code="c">AGL</subfield>
      </datafield>
      <datafield tag="100" ind1="1" ind2=" ">
         <subfield code="a">Cord, Anna F.</subfield>
         <subfield code="e">author</subfield>
         <subfield code="u">Helmholtz Centre for Environment Research – UFZ, Department of
        Computational Landscape Ecology, Permoserstraße 15, 04318 Leipzig, Germany</subfield>
      </datafield>
      <datafield tag="245" ind1="1" ind2="0">
         <subfield code="a">Comparing the suitability of classified land cover data and remote sensing
        variables for modeling distribution patterns of plants</subfield>
      </datafield>
      <datafield tag="300" ind1=" " ind2=" ">
         <subfield code="a">p. 129-140.</subfield>
      </datafield>
      <datafield tag="520" ind1=" " ind2=" ">
         <subfield code="a">Given the rapid loss of biodiversity worldwide and the resulting impacts on
        ecosystem functions and services, we more than ever rely on current and spatially continuous
        assessments of species distributions for biodiversity conservation and sustainable land
        management. Over the last decade, the usefulness of categorical land cover data to account
        for the human-induced degradation, transformation and loss of natural habitat in species
        distribution models (SDMs) has been questioned and the number of studies directly analyzing
        remotely sensed variables has lately multiplied. While several assumptions support the
        advantages of remote sensing data, an empirical comparison is still lacking. The objective
        of this study was to bridge this gap and compare the suitability of an existing categorical
        land cover classification and of continuous remote sensing variables for modeling the
        distribution patterns of 30 Mexican tree species. We applied the Maximum Entropy algorithm
        to predict species distributions based on both data types independently, quantified model
        performance and analyzed species–land cover relationships in detail. As part of this
        comparison, we focused on two particular aspects, namely the effects of (1) thematic detail
        and (2) spatial resolution of the land cover data on model performance. Our analysis
        revealed that remote sensing data were significantly better model predictors and that the
        main obstacle of the land cover-based SDMs were their bolder predictions, together with
        their overall overestimation of suitability. Among the land cover-based models, we found
        that thematic detail was more important than spatial resolution for SDM performance.
        However, our results also suggest that the suitability of land cover data differs largely
        among species and is dependent on their habitat distinctiveness. Our findings have relevant
        implications for future species distribution modeling studies which aim at complementing
        their set of topo-climatic predictors by data on land surface characteristics.</subfield>
      </datafield>
      <datafield tag="592" ind1=" " ind2=" ">
         <subfield code="a">Publisher supplied data</subfield>
      </datafield>
      <datafield tag="593" ind1=" " ind2=" ">
         <subfield code="a">PubAg article</subfield>
      </datafield>
      <datafield tag="650" ind1=" " ind2="3">
         <subfield code="a">algorithms</subfield>
      </datafield>
      <datafield tag="650" ind1=" " ind2="3">
         <subfield code="a">biodiversity</subfield>
      </datafield>
      <datafield tag="650" ind1=" " ind2="3">
         <subfield code="a">biogeography</subfield>
      </datafield>
      <datafield tag="650" ind1=" " ind2="3">
         <subfield code="a">environmental impact</subfield>
      </datafield>
      <datafield tag="650" ind1=" " ind2="3">
         <subfield code="a">habitats</subfield>
      </datafield>
      <datafield tag="650" ind1=" " ind2="3">
         <subfield code="a">land cover</subfield>
      </datafield>
      <datafield tag="650" ind1=" " ind2="3">
         <subfield code="a">land suitability</subfield>
      </datafield>
      <datafield tag="650" ind1=" " ind2="3">
         <subfield code="a">model validation</subfield>
      </datafield>
      <datafield tag="650" ind1=" " ind2="3">
         <subfield code="a">models</subfield>
      </datafield>
      <datafield tag="650" ind1=" " ind2="3">
         <subfield code="a">prediction</subfield>
      </datafield>
      <datafield tag="650" ind1=" " ind2="3">
         <subfield code="a">remote sensing</subfield>
      </datafield>
      <datafield tag="650" ind1=" " ind2="3">
         <subfield code="a">spatial data</subfield>
      </datafield>
      <datafield tag="650" ind1=" " ind2="3">
         <subfield code="a">sustainable land management</subfield>
      </datafield>
      <datafield tag="650" ind1=" " ind2="3">
         <subfield code="a">trees</subfield>
      </datafield>
      <datafield tag="653" ind1=" " ind2="0">
         <subfield code="a">Land cover classification</subfield>
      </datafield>
      <datafield tag="653" ind1=" " ind2="0">
         <subfield code="a">Mexico</subfield>
      </datafield>
      <datafield tag="653" ind1=" " ind2="0">
         <subfield code="a">MODIS</subfield>
      </datafield>
      <datafield tag="653" ind1=" " ind2="0">
         <subfield code="a">Species distribution model</subfield>
      </datafield>
      <datafield tag="653" ind1=" " ind2="0">
         <subfield code="a">Time series</subfield>
      </datafield>
      <datafield tag="653" ind1=" " ind2="0">
         <subfield code="a">Vegetation phenology</subfield>
      </datafield>
      <datafield tag="700" ind1="1" ind2=" ">
         <subfield code="a">Klein, Doris</subfield>
         <subfield code="e">author</subfield>
         <subfield code="u">German Aerospace Center (DLR), German Remote Sensing Data Center (DFD),
        Oberpfaffenhofen, Münchner Straße 20, 82234 Wessling, Germany</subfield>
      </datafield>
      <datafield tag="700" ind1="1" ind2=" ">
         <subfield code="a">Mora, Franz</subfield>
         <subfield code="e">author</subfield>
         <subfield code="u">National Commission for the Knowledge and Use of Biodiversity (CONABIO),
        Avenida Liga Periférico-Insurgentes Sur 4903, Col. Parques del Pedregal, Del. Tlapan, 14010
        Mexico-City, Mexico</subfield>
      </datafield>
      <datafield tag="700" ind1="1" ind2=" ">
         <subfield code="a">Dech, Stefan</subfield>
         <subfield code="e">author</subfield>
         <subfield code="u">German Aerospace Center (DLR), German Remote Sensing Data Center (DFD),
        Oberpfaffenhofen, Münchner Straße 20, 82234 Wessling, Germany</subfield>
      </datafield>
      <datafield tag="773" ind1="0" ind2=" ">
         <subfield code="t">Ecological modelling.</subfield>
         <subfield code="g">2014 Jan. 24, v. 272 p.129-140</subfield>
         <subfield code="d">Elsevier B.V.</subfield>
         <subfield code="w">Journal:jnl6191</subfield>
         <subfield code="x">0304-3800</subfield>
         <subfield code="7">nnas</subfield>
      </datafield>
      <datafield tag="787" ind1="1" ind2=" ">
         <subfield code="o">islandora_article_repository</subfield>
      </datafield>
      <datafield tag="787" ind1="1" ind2=" ">
         <subfield code="o">product_pubag</subfield>
      </datafield>
      <datafield tag="787" ind1="1" ind2=" ">
         <subfield code="o">(Journal)jnl6191</subfield>
      </datafield>
      <datafield tag="856" ind1="4" ind2="0">
         <subfield code="u">https://dx.doi.org/10.1016/j.ecolmodel.2013.09.011</subfield>
         <subfield code="3">Available from publisher's site</subfield>
      </datafield>
      <datafield tag="912" ind1=" " ind2=" ">
         <subfield code="a">Article</subfield>
      </datafield>
      <datafield tag="914" ind1=" " ind2=" ">
         <subfield code="a">Journal:jnl6191</subfield>
         <subfield code="b">0304-3800</subfield>
         <subfield code="c">272</subfield>
         <subfield code="e">129</subfield>
      </datafield>
      <datafield tag="914" ind1=" " ind2=" ">
         <subfield code="f">Ecological modelling</subfield>
      </datafield>
      <datafield tag="916" ind1=" " ind2=" ">
         <subfield code="a">Batch:1515</subfield>
      </datafield>
      <datafield tag="917" ind1=" " ind2=" ">
         <subfield code="a">issued</subfield>
      </datafield>
      <datafield tag="918" ind1="2" ind2=" ">
         <subfield code="a">Elsevier Consyn</subfield>
         <subfield code="e">provider</subfield>
         <subfield code="5">DNAL</subfield>
      </datafield>
      <datafield tag="935" ind1=" " ind2=" ">
         <subfield code="a">IND605380633</subfield>
         <subfield code="9">ExL</subfield>
      </datafield>
      <datafield tag="949" ind1=" " ind2=" ">
         <subfield code="a">2019-03-19</subfield>
      </datafield>
      <datafield tag="953" ind1=" " ind2=" ">
         <subfield code="a">/data/metadata/incoming/consyn/46-2-00052-HEAD-ONLY.zip</subfield>
      </datafield>
      <datafield tag="954" ind1=" " ind2=" ">
         <subfield code="a">file:/data/metadata/staging/consyn/S0304380013004407.xml</subfield>
      </datafield>
      <datafield tag="955" ind1=" " ind2=" ">
         <subfield code="a">/data/metadata/staging/consyn/</subfield>
      </datafield>
      <datafield tag="974" ind1=" " ind2=" ">
         <subfield code="a">agid:5380633</subfield>
      </datafield>
      <datafield tag="983" ind1=" " ind2=" ">
         <subfield code="a">2019-03-19</subfield>
      </datafield>
      <datafield tag="984" ind1=" " ind2=" ">
         <subfield code="a">2019-03-19</subfield>
      </datafield>
   </record>