
   <!--Record: 178-->
   <record>
      <leader>03704nab a2200637 u 4500</leader>
      <controlfield tag="001">9915966282707426</controlfield>
      <controlfield tag="005">20221121093128.0</controlfield>
      <controlfield tag="008">190415e201511 xx |||||o|||||||||||eng||</controlfield>
      <datafield tag="016" ind1="7" ind2=" ">
         <subfield code="a">IND605380603</subfield>
         <subfield code="2">DNAL</subfield>
      </datafield>
      <datafield tag="024" ind1="7" ind2=" ">
         <subfield code="a">10.1016/j.ecoinf.2015.10.005</subfield>
         <subfield code="2">doi</subfield>
      </datafield>
      <datafield tag="035" ind1=" " ind2=" ">
         <subfield code="a">agid:5380603-01nal_inst</subfield>
      </datafield>
      <datafield tag="040" ind1=" " ind2=" ">
         <subfield code="a">AGL</subfield>
         <subfield code="b">eng</subfield>
         <subfield code="c">AGL</subfield>
      </datafield>
      <datafield tag="100" ind1="1" ind2=" ">
         <subfield code="a">Nagai, Shin</subfield>
         <subfield code="e">author</subfield>
         <subfield code="u">Department of Environmental Geochemical Cycle Research, Japan Agency for
        Marine-Earth Science and Technology, Kanazawa-ku 236-0001, Japan</subfield>
      </datafield>
      <datafield tag="245" ind1="1" ind2="0">
         <subfield code="a">Uncertainties involved in leaf fall phenology detected by digital
        camera</subfield>
      </datafield>
      <datafield tag="300" ind1=" " ind2=" ">
         <subfield code="a">p. 124-132.</subfield>
      </datafield>
      <datafield tag="520" ind1=" " ind2=" ">
         <subfield code="a">We evaluated the uncertainty in the estimation of year-to-year variability
        in the timing of leaf fall detected by the analysis of red, green and blue (RGB) values
        extracted from daily phenological images in a deciduous broad-leaved forest in Japan. We
        examined (1) the spatial distribution of individual tree species within a 1-ha permanent
        plot and the spatio-temporal variability of leaf litter of various species for 8years; and
        (2) the relationship between the year-to-year variability of leaf fall detected by leaf
        litter and that detected by phenological images of various species. Uncertainties were
        caused by (1) the heterogeneous distribution of each species within the whole forest
        community; (2) the year-to-year variability of the timing of leaf fall among species; and
        (3) differences in leaf colouring and leaf fall patterns among species. Our results indicate
        the importance of integrating RGB analysis of each species and of the whole canopy on the
        basis of spatial locations of individuals and proportions of tree species within a forest to
        reduce uncertainty.</subfield>
      </datafield>
      <datafield tag="592" ind1=" " ind2=" ">
         <subfield code="a">Publisher supplied data</subfield>
      </datafield>
      <datafield tag="593" ind1=" " ind2=" ">
         <subfield code="a">PubAg article</subfield>
      </datafield>
      <datafield tag="650" ind1=" " ind2="3">
         <subfield code="a">cameras</subfield>
      </datafield>
      <datafield tag="650" ind1=" " ind2="3">
         <subfield code="a">canopy</subfield>
      </datafield>
      <datafield tag="650" ind1=" " ind2="3">
         <subfield code="a">deciduous forests</subfield>
      </datafield>
      <datafield tag="650" ind1=" " ind2="3">
         <subfield code="a">leaves</subfield>
      </datafield>
      <datafield tag="650" ind1=" " ind2="3">
         <subfield code="a">phenology</subfield>
      </datafield>
      <datafield tag="650" ind1=" " ind2="3">
         <subfield code="a">plant litter</subfield>
      </datafield>
      <datafield tag="650" ind1=" " ind2="3">
         <subfield code="a">trees</subfield>
      </datafield>
      <datafield tag="650" ind1=" " ind2="3">
         <subfield code="a">uncertainty</subfield>
      </datafield>
      <datafield tag="651" ind1=" " ind2="3">
         <subfield code="a">Japan</subfield>
      </datafield>
      <datafield tag="653" ind1=" " ind2="0">
         <subfield code="a">Phenological observations</subfield>
      </datafield>
      <datafield tag="653" ind1=" " ind2="0">
         <subfield code="a">Leaf fall</subfield>
      </datafield>
      <datafield tag="653" ind1=" " ind2="0">
         <subfield code="a">Time-lapse digital camera</subfield>
      </datafield>
      <datafield tag="653" ind1=" " ind2="0">
         <subfield code="a">Uncertainty</subfield>
      </datafield>
      <datafield tag="653" ind1=" " ind2="0">
         <subfield code="a">Deciduous broad-leaved forest</subfield>
      </datafield>
      <datafield tag="700" ind1="1" ind2=" ">
         <subfield code="a">Inoue, Tomoharu</subfield>
         <subfield code="e">author</subfield>
         <subfield code="u">Department of Environmental Geochemical Cycle Research, Japan Agency for
        Marine-Earth Science and Technology, Kanazawa-ku 236-0001, Japan</subfield>
      </datafield>
      <datafield tag="700" ind1="1" ind2=" ">
         <subfield code="a">Ohtsuka, Toshiyuki</subfield>
         <subfield code="e">author</subfield>
         <subfield code="u">River Basin Research Centre, Gifu University, Gifu 501-1193,
        Japan</subfield>
      </datafield>
      <datafield tag="700" ind1="1" ind2=" ">
         <subfield code="a">Yoshitake, Shinpei</subfield>
         <subfield code="e">author</subfield>
         <subfield code="u">River Basin Research Centre, Gifu University, Gifu 501-1193,
        Japan</subfield>
      </datafield>
      <datafield tag="700" ind1="1" ind2=" ">
         <subfield code="a">Nasahara, Kenlo Nishida</subfield>
         <subfield code="e">author</subfield>
         <subfield code="u">Faculty of Life and Environmental Sciences, University of Tsukuba, Tsukuba
        305-8572, Japan</subfield>
      </datafield>
      <datafield tag="700" ind1="1" ind2=" ">
         <subfield code="a">Saitoh, Taku M.</subfield>
         <subfield code="e">author</subfield>
         <subfield code="u">River Basin Research Centre, Gifu University, Gifu 501-1193,
        Japan</subfield>
      </datafield>
      <datafield tag="773" ind1="0" ind2=" ">
         <subfield code="t">Ecological informatics.</subfield>
         <subfield code="g">2015 Nov., v. 30 p.124-132</subfield>
         <subfield code="d">Elsevier B.V.</subfield>
         <subfield code="w">Journal:2190</subfield>
         <subfield code="x">1574-9541</subfield>
         <subfield code="7">nnas</subfield>
      </datafield>
      <datafield tag="787" ind1="1" ind2=" ">
         <subfield code="o">islandora_article_repository</subfield>
      </datafield>
      <datafield tag="787" ind1="1" ind2=" ">
         <subfield code="o">product_pubag</subfield>
      </datafield>
      <datafield tag="787" ind1="1" ind2=" ">
         <subfield code="o">(Journal)2190</subfield>
      </datafield>
      <datafield tag="856" ind1="4" ind2="0">
         <subfield code="u">https://dx.doi.org/10.1016/j.ecoinf.2015.10.005</subfield>
         <subfield code="3">Available from publisher's site</subfield>
      </datafield>
      <datafield tag="912" ind1=" " ind2=" ">
         <subfield code="a">Article</subfield>
      </datafield>
      <datafield tag="914" ind1=" " ind2=" ">
         <subfield code="a">Journal:2190</subfield>
         <subfield code="b">1574-9541</subfield>
         <subfield code="c">30</subfield>
         <subfield code="e">124</subfield>
      </datafield>
      <datafield tag="914" ind1=" " ind2=" ">
         <subfield code="f">Ecological informatics</subfield>
      </datafield>
      <datafield tag="916" ind1=" " ind2=" ">
         <subfield code="a">Batch:1517</subfield>
      </datafield>
      <datafield tag="917" ind1=" " ind2=" ">
         <subfield code="a">issued</subfield>
      </datafield>
      <datafield tag="918" ind1="2" ind2=" ">
         <subfield code="a">Elsevier Consyn</subfield>
         <subfield code="e">provider</subfield>
         <subfield code="5">DNAL</subfield>
      </datafield>
      <datafield tag="935" ind1=" " ind2=" ">
         <subfield code="a">IND605380603</subfield>
         <subfield code="9">ExL</subfield>
      </datafield>
      <datafield tag="949" ind1=" " ind2=" ">
         <subfield code="a">2019-04-15</subfield>
      </datafield>
      <datafield tag="953" ind1=" " ind2=" ">
         <subfield code="a">/data/metadata/incoming/consyn-backfiles/46-2-00104-HEAD-ONLY.zip</subfield>
      </datafield>
      <datafield tag="954" ind1=" " ind2=" ">
         <subfield code="a">file:/data/metadata/staging/consyn-backfiles/S1574954115001661.xml</subfield>
      </datafield>
      <datafield tag="955" ind1=" " ind2=" ">
         <subfield code="a">/data/metadata/staging/consyn-backfiles/</subfield>
      </datafield>
      <datafield tag="974" ind1=" " ind2=" ">
         <subfield code="a">agid:5380603</subfield>
      </datafield>
      <datafield tag="983" ind1=" " ind2=" ">
         <subfield code="a">2019-04-15</subfield>
      </datafield>
      <datafield tag="984" ind1=" " ind2=" ">
         <subfield code="a">2019-04-15</subfield>
      </datafield>
   </record>