
   <!--Record: 179-->
   <record>
      <leader>04553nab a2200613 u 4500</leader>
      <controlfield tag="001">9915966284407426</controlfield>
      <controlfield tag="005">20221121093205.0</controlfield>
      <controlfield tag="008">190319e20140210xx |||||o|||||||||||eng||</controlfield>
      <datafield tag="016" ind1="7" ind2=" ">
         <subfield code="a">IND605380709</subfield>
         <subfield code="2">DNAL</subfield>
      </datafield>
      <datafield tag="024" ind1="7" ind2=" ">
         <subfield code="a">10.1016/j.ecolmodel.2013.11.022</subfield>
         <subfield code="2">doi</subfield>
      </datafield>
      <datafield tag="035" ind1=" " ind2=" ">
         <subfield code="a">agid:5380709-01nal_inst</subfield>
      </datafield>
      <datafield tag="040" ind1=" " ind2=" ">
         <subfield code="a">AGL</subfield>
         <subfield code="b">eng</subfield>
         <subfield code="c">AGL</subfield>
      </datafield>
      <datafield tag="100" ind1="1" ind2=" ">
         <subfield code="a">Kautz, Markus</subfield>
         <subfield code="e">author</subfield>
         <subfield code="u">Animal Ecology, Department of Ecology and Ecosystem Management, Technische
        Universität München, Hans-Carl-von-Carlowitz-Platz 2, 85354 Freising, Germany</subfield>
      </datafield>
      <datafield tag="245" ind1="1" ind2="0">
         <subfield code="a">Individual traits as drivers of spatial dispersal and infestation patterns
        in a host–bark beetle system</subfield>
      </datafield>
      <datafield tag="300" ind1=" " ind2=" ">
         <subfield code="a">p. 264-276.</subfield>
      </datafield>
      <datafield tag="520" ind1=" " ind2=" ">
         <subfield code="a">Tree-killing bark beetle species such as Ips sp. and Dendroctonus sp. are
        considered one of the most severe biotic hazards affecting forests at the global scale.
        Although spatio-temporal patterns of dispersal and infestations have been widely observed
        and statistically analyzed profound knowledge about the host–bark beetle interactions that
        evoke these patterns is scarce. We developed an individual-based and spatially explicit
        model – the Infestation Pattern Simulation (IPS) model – to elucidate how individual traits
        affect system-level dispersal and infestation patterns. IPS simulates processes including
        dispersal, host selection, aggregation, and finally colonization, or rejection by host
        defence on a local scale. Host–bark beetle interactions are implemented highly dynamically,
        i.e. individual adaptive behavior takes into account space- and time-dependent variations in
        traits. Simulations consider one dispersal wave starting from a single source located in a
        virtual stand. Finally, the effects of both bark beetle- and host tree-specific parameters
        on emerging system patterns were quantified using a one-factor-at-a-time sensitivity
        analysis approach. As system-level response variables we used (i) percentage of successful
        beetles, (ii) number of infestations, and (iii) maximum infestation distance to source.
        Among bark beetle-specific parameters those affecting host recognition (e.g. perceptual
        range, energetic level) and attack synchrony (e.g. source size, time lag between flight
        cohorts) were revealed to be highly sensitive with regard to all three response variables.
        In addition, the host tree's resistance and spatial distribution is also shown to be
        decisive for infestation occurrence. The model provides a conceptual framework linking
        individual behavior to system-level patterns. Thus it represents a powerful tool –
        complementing lab- and field-based approaches – which may contribute to our understanding of
        the complex spatio-temporal processes that govern host–bark beetle dynamics.</subfield>
      </datafield>
      <datafield tag="592" ind1=" " ind2=" ">
         <subfield code="a">Publisher supplied data</subfield>
      </datafield>
      <datafield tag="593" ind1=" " ind2=" ">
         <subfield code="a">PubAg article</subfield>
      </datafield>
      <datafield tag="650" ind1=" " ind2="3">
         <subfield code="a">Dendroctonus</subfield>
      </datafield>
      <datafield tag="650" ind1=" " ind2="3">
         <subfield code="a">Ips</subfield>
      </datafield>
      <datafield tag="650" ind1=" " ind2="3">
         <subfield code="a">bark</subfield>
      </datafield>
      <datafield tag="650" ind1=" " ind2="3">
         <subfield code="a">bark beetles</subfield>
      </datafield>
      <datafield tag="650" ind1=" " ind2="3">
         <subfield code="a">flight</subfield>
      </datafield>
      <datafield tag="650" ind1=" " ind2="3">
         <subfield code="a">forests</subfield>
      </datafield>
      <datafield tag="650" ind1=" " ind2="3">
         <subfield code="a">host preferences</subfield>
      </datafield>
      <datafield tag="650" ind1=" " ind2="3">
         <subfield code="a">models</subfield>
      </datafield>
      <datafield tag="650" ind1=" " ind2="3">
         <subfield code="a">trees</subfield>
      </datafield>
      <datafield tag="653" ind1=" " ind2="0">
         <subfield code="a">Infestation Pattern Simulation (IPS) model</subfield>
      </datafield>
      <datafield tag="653" ind1=" " ind2="0">
         <subfield code="a">Ips typographus</subfield>
      </datafield>
      <datafield tag="653" ind1=" " ind2="0">
         <subfield code="a">Individual-based modeling</subfield>
      </datafield>
      <datafield tag="653" ind1=" " ind2="0">
         <subfield code="a">Host selection</subfield>
      </datafield>
      <datafield tag="653" ind1=" " ind2="0">
         <subfield code="a">Adaptive behavior</subfield>
      </datafield>
      <datafield tag="653" ind1=" " ind2="0">
         <subfield code="a">OAT-sensitivity analysis</subfield>
      </datafield>
      <datafield tag="700" ind1="1" ind2=" ">
         <subfield code="a">Schopf, Reinhard</subfield>
         <subfield code="e">author</subfield>
         <subfield code="u">Animal Ecology, Department of Ecology and Ecosystem Management, Technische
        Universität München, Hans-Carl-von-Carlowitz-Platz 2, 85354 Freising, Germany</subfield>
      </datafield>
      <datafield tag="700" ind1="1" ind2=" ">
         <subfield code="a">Imron, Muhammad Ali</subfield>
         <subfield code="e">author</subfield>
         <subfield code="u">Wildlife Ecology and Management, Department of Forest Resource
        Conservation, Gadjah Mada University, Jl. Agrokompleks, Bulaksumur 55281, Yogyakarta,
        Indonesia</subfield>
      </datafield>
      <datafield tag="773" ind1="0" ind2=" ">
         <subfield code="t">Ecological modelling.</subfield>
         <subfield code="g">2014 Feb. 10, v. 273 p.264-276</subfield>
         <subfield code="d">Elsevier B.V.</subfield>
         <subfield code="w">Journal:jnl6191</subfield>
         <subfield code="x">0304-3800</subfield>
         <subfield code="7">nnas</subfield>
      </datafield>
      <datafield tag="787" ind1="1" ind2=" ">
         <subfield code="o">islandora_article_repository</subfield>
      </datafield>
      <datafield tag="787" ind1="1" ind2=" ">
         <subfield code="o">product_pubag</subfield>
      </datafield>
      <datafield tag="787" ind1="1" ind2=" ">
         <subfield code="o">(Journal)jnl6191</subfield>
      </datafield>
      <datafield tag="856" ind1="4" ind2="0">
         <subfield code="u">https://dx.doi.org/10.1016/j.ecolmodel.2013.11.022</subfield>
         <subfield code="3">Available from publisher's site</subfield>
      </datafield>
      <datafield tag="912" ind1=" " ind2=" ">
         <subfield code="a">Article</subfield>
      </datafield>
      <datafield tag="914" ind1=" " ind2=" ">
         <subfield code="a">Journal:jnl6191</subfield>
         <subfield code="b">0304-3800</subfield>
         <subfield code="c">273</subfield>
         <subfield code="e">264</subfield>
      </datafield>
      <datafield tag="914" ind1=" " ind2=" ">
         <subfield code="f">Ecological modelling</subfield>
      </datafield>
      <datafield tag="916" ind1=" " ind2=" ">
         <subfield code="a">Batch:1515</subfield>
      </datafield>
      <datafield tag="917" ind1=" " ind2=" ">
         <subfield code="a">issued</subfield>
      </datafield>
      <datafield tag="918" ind1="2" ind2=" ">
         <subfield code="a">Elsevier Consyn</subfield>
         <subfield code="e">provider</subfield>
         <subfield code="5">DNAL</subfield>
      </datafield>
      <datafield tag="935" ind1=" " ind2=" ">
         <subfield code="a">IND605380709</subfield>
         <subfield code="9">ExL</subfield>
      </datafield>
      <datafield tag="949" ind1=" " ind2=" ">
         <subfield code="a">2019-03-19</subfield>
      </datafield>
      <datafield tag="953" ind1=" " ind2=" ">
         <subfield code="a">/data/metadata/incoming/consyn/46-2-00052-HEAD-ONLY.zip</subfield>
      </datafield>
      <datafield tag="954" ind1=" " ind2=" ">
         <subfield code="a">file:/data/metadata/staging/consyn/S030438001300570X.xml</subfield>
      </datafield>
      <datafield tag="955" ind1=" " ind2=" ">
         <subfield code="a">/data/metadata/staging/consyn/</subfield>
      </datafield>
      <datafield tag="974" ind1=" " ind2=" ">
         <subfield code="a">agid:5380709</subfield>
      </datafield>
      <datafield tag="983" ind1=" " ind2=" ">
         <subfield code="a">2019-03-19</subfield>
      </datafield>
      <datafield tag="984" ind1=" " ind2=" ">
         <subfield code="a">2019-03-19</subfield>
      </datafield>
   </record>