
   <!--Record: 180-->
   <record>
      <leader>08036nab a2200949 u 4500</leader>
      <controlfield tag="001">9915966306207426</controlfield>
      <controlfield tag="005">20221121151753.0</controlfield>
      <controlfield tag="008">190412e201510 xx |||||o|||||||||||eng||</controlfield>
      <datafield tag="016" ind1="7" ind2=" ">
         <subfield code="a">IND605380312</subfield>
         <subfield code="2">DNAL</subfield>
      </datafield>
      <datafield tag="024" ind1="7" ind2=" ">
         <subfield code="a">10.1016/j.ecolind.2015.05.015</subfield>
         <subfield code="2">doi</subfield>
      </datafield>
      <datafield tag="035" ind1=" " ind2=" ">
         <subfield code="a">agid:5380312-01nal_inst</subfield>
      </datafield>
      <datafield tag="040" ind1=" " ind2=" ">
         <subfield code="a">AGL</subfield>
         <subfield code="b">eng</subfield>
         <subfield code="c">AGL</subfield>
      </datafield>
      <datafield tag="100" ind1="1" ind2=" ">
         <subfield code="a">Hofmeister, Jeňýk</subfield>
         <subfield code="e">author</subfield>
         <subfield code="u">Ecological Services, Areál ČOV, CZ-268 01 Hořovice, Czech
        Republic</subfield>
      </datafield>
      <datafield tag="245" ind1="1" ind2="0">
         <subfield code="a">Value of old forest attributes related to cryptogam species richness in
        temperate forests: A quantitative assessment</subfield>
      </datafield>
      <datafield tag="300" ind1=" " ind2=" ">
         <subfield code="a">p. 497-504.</subfield>
      </datafield>
      <datafield tag="520" ind1=" " ind2=" ">
         <subfield code="a">Changes in temperate forest ecosystems resulting from a long history of
        forest exploitation may severely impact current cryptogam diversity. We documented the
        distribution of cryptogams in representative forest types between 200 and 1000m a.s.l. in
        central Europe, in managed and unmanaged stands. This survey included one-time inventories
        of lichens and bryophytes, 2 years of regular monitoring of macrofungi, and a detailed
        description of forest structure (live trees and dead woody debris) in 96 sampling plots
        (2500m2 each) in six study areas in the Czech Republic. On this basis, we attempted to
        identify the quantitative limits of forest structural attributes that affect cryptogam
        diversity along a gradient of forest management practices in central Europe. In total, we
        recorded 1387, 173 and 103 species of macrofungi, lichens and bryophytes, respectively, of
        which 149, 99 and 4 were red-listed species. Species richness was correlated among observed
        taxa at the plot scale, and rare and red-listed species made higher contributions in
        species-rich communities. Cryptogam species richness showed both common and taxa-specific
        patterns in relation to forest structure, tree species composition, age of the oldest tree
        strata and elevation. We found a positive influence of the largest-diameter tree classes
        (stem diameter &gt;80cm) on the species richness of all cryptogam taxa, whereas the
        contribution of dead wood to the fit of a linear mixed effect model was minimal.
        Nevertheless, the magnitude of total and red-listed species richness was remarkably high in
        plots in which at least one large tree or woody object occurred compared to plots lacking
        these attributes. The effect of large dead wood debris (diameter &gt;80cm and unit volume
        &gt;1m3) was not replaced by total dead wood volume, even though it was relatively high
        (&gt;40m3ha−1). Hence, both large live trees and woody debris compartments are probably
        important for the species richness of cryptogam communities. However, the spatial pattern of
        cryptogam communities at a given time point (i.e., the time of our survey) was associated
        with the spatial and temporal heterogeneity of live tree structures, but less with that of
        dead wood substrates. Large tree and woody debris characterize forests that have been
        unmanaged for at least several decades and occasionally occur in the oldest of moderately
        managed forests. The importance of these cryptogam refuges in managed forests should not be
        underestimated because their continuing disappearance will probably result in the
        impoverishment of cryptogam richness at regional scales.</subfield>
      </datafield>
      <datafield tag="592" ind1=" " ind2=" ">
         <subfield code="a">Publisher supplied data</subfield>
      </datafield>
      <datafield tag="593" ind1=" " ind2=" ">
         <subfield code="a">PubAg article</subfield>
      </datafield>
      <datafield tag="650" ind1=" " ind2="3">
         <subfield code="a">Bryophyta</subfield>
      </datafield>
      <datafield tag="650" ind1=" " ind2="3">
         <subfield code="a">cryptogams</subfield>
      </datafield>
      <datafield tag="650" ind1=" " ind2="3">
         <subfield code="a">dead wood</subfield>
      </datafield>
      <datafield tag="650" ind1=" " ind2="3">
         <subfield code="a">forest ecosystems</subfield>
      </datafield>
      <datafield tag="650" ind1=" " ind2="3">
         <subfield code="a">forest management</subfield>
      </datafield>
      <datafield tag="650" ind1=" " ind2="3">
         <subfield code="a">forest types</subfield>
      </datafield>
      <datafield tag="650" ind1=" " ind2="3">
         <subfield code="a">fungi</subfield>
      </datafield>
      <datafield tag="650" ind1=" " ind2="3">
         <subfield code="a">inventories</subfield>
      </datafield>
      <datafield tag="650" ind1=" " ind2="3">
         <subfield code="a">lichens</subfield>
      </datafield>
      <datafield tag="650" ind1=" " ind2="3">
         <subfield code="a">models</subfield>
      </datafield>
      <datafield tag="650" ind1=" " ind2="3">
         <subfield code="a">monitoring</subfield>
      </datafield>
      <datafield tag="650" ind1=" " ind2="3">
         <subfield code="a">species diversity</subfield>
      </datafield>
      <datafield tag="650" ind1=" " ind2="3">
         <subfield code="a">surveys</subfield>
      </datafield>
      <datafield tag="650" ind1=" " ind2="3">
         <subfield code="a">temperate forests</subfield>
      </datafield>
      <datafield tag="650" ind1=" " ind2="3">
         <subfield code="a">tree classes</subfield>
      </datafield>
      <datafield tag="650" ind1=" " ind2="3">
         <subfield code="a">trees</subfield>
      </datafield>
      <datafield tag="651" ind1=" " ind2="3">
         <subfield code="a">Central European region</subfield>
      </datafield>
      <datafield tag="651" ind1=" " ind2="3">
         <subfield code="a">Czech Republic</subfield>
      </datafield>
      <datafield tag="653" ind1=" " ind2="0">
         <subfield code="a">Bryophytes</subfield>
      </datafield>
      <datafield tag="653" ind1=" " ind2="0">
         <subfield code="a">Dead wood</subfield>
      </datafield>
      <datafield tag="653" ind1=" " ind2="0">
         <subfield code="a">Forest structure</subfield>
      </datafield>
      <datafield tag="653" ind1=" " ind2="0">
         <subfield code="a">Lichens</subfield>
      </datafield>
      <datafield tag="653" ind1=" " ind2="0">
         <subfield code="a">Macrofungi</subfield>
      </datafield>
      <datafield tag="653" ind1=" " ind2="0">
         <subfield code="a">Size-dependent coefficient model</subfield>
      </datafield>
      <datafield tag="700" ind1="1" ind2=" ">
         <subfield code="a">Hošek, Jan</subfield>
         <subfield code="e">author</subfield>
         <subfield code="u">Ecological Services, Areál ČOV, CZ-268 01 Hořovice, Czech
        Republic</subfield>
      </datafield>
      <datafield tag="700" ind1="1" ind2=" ">
         <subfield code="a">Brabec, Marek</subfield>
         <subfield code="e">author</subfield>
         <subfield code="u">Department of Nonlinear Modelling, Institute of Computer Science, Academy
        of Sciences of the Czech Republic, Pod Vodárenskou věží 2, CZ-182 07 Prague, Czech
        Republic</subfield>
      </datafield>
      <datafield tag="700" ind1="1" ind2=" ">
         <subfield code="a">Dvořák, Daniel</subfield>
         <subfield code="e">author</subfield>
         <subfield code="u">Department of Botany and Zoology, Faculty of Science, Masaryk University,
        Kotlářská 267/2, CZ-611 37 Brno, Czech Republic</subfield>
      </datafield>
      <datafield tag="700" ind1="1" ind2=" ">
         <subfield code="a">Beran, Miroslav</subfield>
         <subfield code="e">author</subfield>
         <subfield code="u">Museum of South Bohemia, Dukelská 1, CZ-370 51 České Budějovice, Czech
        Republic</subfield>
      </datafield>
      <datafield tag="700" ind1="1" ind2=" ">
         <subfield code="a">Deckerová, Helena</subfield>
         <subfield code="e">author</subfield>
         <subfield code="u">O. Jeremiáše 1932/12, CZ-708 00 Ostrava-Poruba, Czech Republic</subfield>
      </datafield>
      <datafield tag="700" ind1="1" ind2=" ">
         <subfield code="a">Burel, Jiří</subfield>
         <subfield code="e">author</subfield>
         <subfield code="u">Mycological Centre Jihlava, Březinova 11, CZ-586 01 Jihlava, Czech
        Republic</subfield>
      </datafield>
      <datafield tag="700" ind1="1" ind2=" ">
         <subfield code="a">Kříž, Martin</subfield>
         <subfield code="e">author</subfield>
         <subfield code="u">Department of Mycology, National Museum, Cirkusová 1740, CZ-193 00 Prague
        9, Horní Počernice, Czech Republic</subfield>
      </datafield>
      <datafield tag="700" ind1="1" ind2=" ">
         <subfield code="a">Borovička, Jan</subfield>
         <subfield code="e">author</subfield>
         <subfield code="u">Laboratory of Environmental Geology and Geochemistry, Institute of Geology,
        Academy of Sciences of the Czech Republic, Rozvojová 269, CZ-165 00 Prague, Lysolaje, Czech
        Republic</subfield>
      </datafield>
      <datafield tag="700" ind1="1" ind2=" ">
         <subfield code="a">Běťák, Jan</subfield>
         <subfield code="e">author</subfield>
         <subfield code="u">Mášova 21, CZ-602 00 Brno, Czech Republic</subfield>
      </datafield>
      <datafield tag="700" ind1="1" ind2=" ">
         <subfield code="a">Vašutová, Martina</subfield>
         <subfield code="e">author</subfield>
         <subfield code="u">Department of Botany, Faculty of Science, University of South Bohemia,
        Branišovská 31, CZ-370 05 České Budějovice, Czech Republic</subfield>
      </datafield>
      <datafield tag="700" ind1="1" ind2=" ">
         <subfield code="a">Malíček, Jiří</subfield>
         <subfield code="e">author</subfield>
         <subfield code="u">Department of Botany, Faculty of Science, Charles University, Benátská 2,
        CZ-128 01 Prague 2, Czech Republic</subfield>
      </datafield>
      <datafield tag="700" ind1="1" ind2=" ">
         <subfield code="a">Palice, Zdeněk</subfield>
         <subfield code="e">author</subfield>
         <subfield code="u">Department of Botany, Faculty of Science, Charles University, Benátská 2,
        CZ-128 01 Prague 2, Czech Republic</subfield>
      </datafield>
      <datafield tag="700" ind1="1" ind2=" ">
         <subfield code="a">Syrovátková, Lada</subfield>
         <subfield code="e">author</subfield>
         <subfield code="u">Department of Botany, Faculty of Science, Charles University, Benátská 2,
        CZ-128 01 Prague 2, Czech Republic</subfield>
      </datafield>
      <datafield tag="700" ind1="1" ind2=" ">
         <subfield code="a">Steinová, Jana</subfield>
         <subfield code="e">author</subfield>
         <subfield code="u">Technical University of Liberec, Centre for Nanomaterials, Advanced
        Technologies and Innovations, Studentská 2, 460 01 Liberec, Czech Republic</subfield>
      </datafield>
      <datafield tag="700" ind1="1" ind2=" ">
         <subfield code="a">Černajová, Ivana</subfield>
         <subfield code="e">author</subfield>
         <subfield code="u">Department of Botany, Faculty of Science, Charles University, Benátská 2,
        CZ-128 01 Prague 2, Czech Republic</subfield>
      </datafield>
      <datafield tag="700" ind1="1" ind2=" ">
         <subfield code="a">Holá, Eva</subfield>
         <subfield code="e">author</subfield>
         <subfield code="u">Department of Botany, Faculty of Science, University of South Bohemia,
        Branišovská 31, CZ-370 05 České Budějovice, Czech Republic</subfield>
      </datafield>
      <datafield tag="700" ind1="1" ind2=" ">
         <subfield code="a">Novozámská, Eva</subfield>
         <subfield code="e">author</subfield>
         <subfield code="u">Prague Botanic Garden, Nádvorní 134, CZ-171 00 Prague 7, Czech
        Republic</subfield>
      </datafield>
      <datafield tag="700" ind1="1" ind2=" ">
         <subfield code="a">Čížek, Ladislav</subfield>
         <subfield code="e">author</subfield>
         <subfield code="u">Ecological Services, Areál ČOV, CZ-268 01 Hořovice, Czech
        Republic</subfield>
      </datafield>
      <datafield tag="700" ind1="1" ind2=" ">
         <subfield code="a">Iarema, Viktor</subfield>
         <subfield code="e">author</subfield>
         <subfield code="u">Ecological Services, Areál ČOV, CZ-268 01 Hořovice, Czech
        Republic</subfield>
      </datafield>
      <datafield tag="700" ind1="1" ind2=" ">
         <subfield code="a">Baltaziuk, Kateryna</subfield>
         <subfield code="e">author</subfield>
         <subfield code="u">Ecological Services, Areál ČOV, CZ-268 01 Hořovice, Czech
        Republic</subfield>
      </datafield>
      <datafield tag="700" ind1="1" ind2=" ">
         <subfield code="a">Svoboda, Tomáš</subfield>
         <subfield code="e">author</subfield>
         <subfield code="u">Ecological Services, Areál ČOV, CZ-268 01 Hořovice, Czech
        Republic</subfield>
      </datafield>
      <datafield tag="773" ind1="0" ind2=" ">
         <subfield code="t">Ecological indicators.</subfield>
         <subfield code="g">2015 Oct., v. 57 p.497-504</subfield>
         <subfield code="d">Elsevier Ltd</subfield>
         <subfield code="w">Journal:6196</subfield>
         <subfield code="x">1470-160X</subfield>
         <subfield code="7">nnas</subfield>
      </datafield>
      <datafield tag="787" ind1="1" ind2=" ">
         <subfield code="o">islandora_article_repository</subfield>
      </datafield>
      <datafield tag="787" ind1="1" ind2=" ">
         <subfield code="o">product_pubag</subfield>
      </datafield>
      <datafield tag="787" ind1="1" ind2=" ">
         <subfield code="o">(Journal)6196</subfield>
      </datafield>
      <datafield tag="856" ind1="4" ind2="0">
         <subfield code="u">https://dx.doi.org/10.1016/j.ecolind.2015.05.015</subfield>
         <subfield code="3">Available from publisher's site</subfield>
      </datafield>
      <datafield tag="912" ind1=" " ind2=" ">
         <subfield code="a">Article</subfield>
      </datafield>
      <datafield tag="914" ind1=" " ind2=" ">
         <subfield code="a">Journal:6196</subfield>
         <subfield code="b">1470-160X</subfield>
         <subfield code="c">57</subfield>
         <subfield code="e">497</subfield>
      </datafield>
      <datafield tag="914" ind1=" " ind2=" ">
         <subfield code="f">Ecological indicators</subfield>
      </datafield>
      <datafield tag="916" ind1=" " ind2=" ">
         <subfield code="a">Batch:1518</subfield>
      </datafield>
      <datafield tag="917" ind1=" " ind2=" ">
         <subfield code="a">issued</subfield>
      </datafield>
      <datafield tag="918" ind1="2" ind2=" ">
         <subfield code="a">Elsevier Consyn</subfield>
         <subfield code="e">provider</subfield>
         <subfield code="5">DNAL</subfield>
      </datafield>
      <datafield tag="935" ind1=" " ind2=" ">
         <subfield code="a">IND605380312</subfield>
         <subfield code="9">ExL</subfield>
      </datafield>
      <datafield tag="949" ind1=" " ind2=" ">
         <subfield code="a">2019-04-12</subfield>
      </datafield>
      <datafield tag="953" ind1=" " ind2=" ">
         <subfield code="a">/data/metadata/incoming/consyn-backfiles/46-2-00099-HEAD-ONLY.zip</subfield>
      </datafield>
      <datafield tag="954" ind1=" " ind2=" ">
         <subfield code="a">file:/data/metadata/staging/consyn-backfiles/S1470160X15002356.xml</subfield>
      </datafield>
      <datafield tag="955" ind1=" " ind2=" ">
         <subfield code="a">/data/metadata/staging/consyn-backfiles/</subfield>
      </datafield>
      <datafield tag="974" ind1=" " ind2=" ">
         <subfield code="a">agid:5380312</subfield>
      </datafield>
      <datafield tag="983" ind1=" " ind2=" ">
         <subfield code="a">2019-04-12</subfield>
      </datafield>
      <datafield tag="984" ind1=" " ind2=" ">
         <subfield code="a">2019-04-12</subfield>
      </datafield>
   </record>