
   <!--Record: 181-->
   <record>
      <leader>04619nab a2200697 u 4500</leader>
      <controlfield tag="001">9915966432907426</controlfield>
      <controlfield tag="005">20221122204434.0</controlfield>
      <controlfield tag="008">190415e201511 xx |||||o|||||||||||eng||</controlfield>
      <datafield tag="016" ind1="7" ind2=" ">
         <subfield code="a">IND605380587</subfield>
         <subfield code="2">DNAL</subfield>
      </datafield>
      <datafield tag="024" ind1="7" ind2=" ">
         <subfield code="a">10.1016/j.ecoinf.2015.09.003</subfield>
         <subfield code="2">doi</subfield>
      </datafield>
      <datafield tag="035" ind1=" " ind2=" ">
         <subfield code="a">agid:5380587-01nal_inst</subfield>
      </datafield>
      <datafield tag="040" ind1=" " ind2=" ">
         <subfield code="a">AGL</subfield>
         <subfield code="b">eng</subfield>
         <subfield code="c">AGL</subfield>
      </datafield>
      <datafield tag="100" ind1="1" ind2=" ">
         <subfield code="a">Anderson, Taylor</subfield>
         <subfield code="e">author</subfield>
      </datafield>
      <datafield tag="245" ind1="1" ind2="3">
         <subfield code="a">An agent-based modeling approach to represent infestation dynamics of the
        emerald ash borer beetle</subfield>
      </datafield>
      <datafield tag="300" ind1=" " ind2=" ">
         <subfield code="a">p. 97-109.</subfield>
      </datafield>
      <datafield tag="520" ind1=" " ind2=" ">
         <subfield code="a">Agent-based modeling (ABM) is a bottom-up approach capable of
        operationalizing complex systems. The approach can be used to reproduce the spatio-temporal
        patterns in ecological processes such as insect infestation by representing individual
        dynamics and interactions between “agents” and their environment from which complex behavior
        emerges. The emerald ash borer (Agrilus planipennis; EAB) is an invasive species native to
        south-east Asia which has infested and killed millions of ash trees (Fraxinus sp.) across
        the eastern United States as well as Ontario and Quebec in Canada. Efforts to model the
        insect's behavior are ongoing, but current models are limited to approaches that do not
        address the complexity that emerges from the dynamics between individual beetles and their
        varying spatial environments. The objective of this study is to develop an ABM to represent
        the interactions of the EAB and the emerging spatio-temporal pattern of the insect spread.
        The model is implemented on real datasets from the Town of Oakville, Ontario, Canada from
        2008 to 2010. Tree inventory and land use data acquired from the Town of Oakville were used
        to represent the spatial environment of the EAB agents. The EAB interactions are implemented
        in the model as subroutines, each representing a stage in the EAB life cycle using a
        temporal resolution of one day. Model verification was performed based on the literature
        documenting the life cycle processes of the EAB to represent EAB behavior. The model is
        calibrated using the rate of spread observed in the Town of Oakville from 2008 to 2009 and
        is validated using datasets delimiting the spatial extent and severity of EAB infestation in
        2009. When comparing simulated and observed data, there is a 72% agreement for the locations
        of the infestation. This indicates that the developed ABM approach offers a model able to
        capture the complex behavior of EAB where both the spatial extent and severity of
        infestation are simulated realistically. The model generates insights about the underlying
        processes governing EAB behavior, highlights areas of uncertainty in modeling the complex
        spatio-temporal patterns of EAB infestation, and is a useful tool for forest and pest
        management.</subfield>
      </datafield>
      <datafield tag="592" ind1=" " ind2=" ">
         <subfield code="a">Publisher supplied data</subfield>
      </datafield>
      <datafield tag="593" ind1=" " ind2=" ">
         <subfield code="a">PubAg article</subfield>
      </datafield>
      <datafield tag="650" ind1=" " ind2="3">
         <subfield code="a">Agrilus planipennis</subfield>
      </datafield>
      <datafield tag="650" ind1=" " ind2="3">
         <subfield code="a">Fraxinus</subfield>
      </datafield>
      <datafield tag="650" ind1=" " ind2="3">
         <subfield code="a">data collection</subfield>
      </datafield>
      <datafield tag="650" ind1=" " ind2="3">
         <subfield code="a">forest pests</subfield>
      </datafield>
      <datafield tag="650" ind1=" " ind2="3">
         <subfield code="a">indigenous species</subfield>
      </datafield>
      <datafield tag="650" ind1=" " ind2="3">
         <subfield code="a">insect infestations</subfield>
      </datafield>
      <datafield tag="650" ind1=" " ind2="3">
         <subfield code="a">insects</subfield>
      </datafield>
      <datafield tag="650" ind1=" " ind2="3">
         <subfield code="a">invasive species</subfield>
      </datafield>
      <datafield tag="650" ind1=" " ind2="3">
         <subfield code="a">inventories</subfield>
      </datafield>
      <datafield tag="650" ind1=" " ind2="3">
         <subfield code="a">land use</subfield>
      </datafield>
      <datafield tag="650" ind1=" " ind2="3">
         <subfield code="a">models</subfield>
      </datafield>
      <datafield tag="650" ind1=" " ind2="3">
         <subfield code="a">pest management</subfield>
      </datafield>
      <datafield tag="650" ind1=" " ind2="3">
         <subfield code="a">uncertainty</subfield>
      </datafield>
      <datafield tag="651" ind1=" " ind2="3">
         <subfield code="a">Eastern United States</subfield>
      </datafield>
      <datafield tag="651" ind1=" " ind2="3">
         <subfield code="a">Ontario</subfield>
      </datafield>
      <datafield tag="651" ind1=" " ind2="3">
         <subfield code="a">Quebec</subfield>
      </datafield>
      <datafield tag="651" ind1=" " ind2="3">
         <subfield code="a">South East Asia</subfield>
      </datafield>
      <datafield tag="653" ind1=" " ind2="0">
         <subfield code="a">Agent-based modeling</subfield>
      </datafield>
      <datafield tag="653" ind1=" " ind2="0">
         <subfield code="a">Geographic information systems</subfield>
      </datafield>
      <datafield tag="653" ind1=" " ind2="0">
         <subfield code="a">Insect infestation</subfield>
      </datafield>
      <datafield tag="653" ind1=" " ind2="0">
         <subfield code="a">Complex systems</subfield>
      </datafield>
      <datafield tag="653" ind1=" " ind2="0">
         <subfield code="a">Emerald ash borer</subfield>
      </datafield>
      <datafield tag="653" ind1=" " ind2="0">
         <subfield code="a">Ecological modeling</subfield>
      </datafield>
      <datafield tag="700" ind1="1" ind2=" ">
         <subfield code="a">Dragićević, Suzana</subfield>
         <subfield code="e">author</subfield>
         <subfield code="u">Spatial Analysis and Modeling Laboratory, Department of Geography, Simon
        Fraser University, 8888 University Drive, Burnaby, BCV5A 1S6, Canada</subfield>
      </datafield>
      <datafield tag="773" ind1="0" ind2=" ">
         <subfield code="t">Ecological informatics.</subfield>
         <subfield code="g">2015 Nov., v. 30 p.97-109</subfield>
         <subfield code="d">Elsevier B.V.</subfield>
         <subfield code="w">Journal:2190</subfield>
         <subfield code="x">1574-9541</subfield>
         <subfield code="7">nnas</subfield>
      </datafield>
      <datafield tag="787" ind1="1" ind2=" ">
         <subfield code="o">islandora_article_repository</subfield>
      </datafield>
      <datafield tag="787" ind1="1" ind2=" ">
         <subfield code="o">product_pubag</subfield>
      </datafield>
      <datafield tag="787" ind1="1" ind2=" ">
         <subfield code="o">(Journal)2190</subfield>
      </datafield>
      <datafield tag="856" ind1="4" ind2="0">
         <subfield code="u">https://dx.doi.org/10.1016/j.ecoinf.2015.09.003</subfield>
         <subfield code="3">Available from publisher's site</subfield>
      </datafield>
      <datafield tag="912" ind1=" " ind2=" ">
         <subfield code="a">Article</subfield>
      </datafield>
      <datafield tag="914" ind1=" " ind2=" ">
         <subfield code="a">Journal:2190</subfield>
         <subfield code="b">1574-9541</subfield>
         <subfield code="c">30</subfield>
         <subfield code="e">97</subfield>
      </datafield>
      <datafield tag="914" ind1=" " ind2=" ">
         <subfield code="f">Ecological informatics</subfield>
      </datafield>
      <datafield tag="916" ind1=" " ind2=" ">
         <subfield code="a">Batch:1517</subfield>
      </datafield>
      <datafield tag="917" ind1=" " ind2=" ">
         <subfield code="a">issued</subfield>
      </datafield>
      <datafield tag="918" ind1="2" ind2=" ">
         <subfield code="a">Elsevier Consyn</subfield>
         <subfield code="e">provider</subfield>
         <subfield code="5">DNAL</subfield>
      </datafield>
      <datafield tag="935" ind1=" " ind2=" ">
         <subfield code="a">IND605380587</subfield>
         <subfield code="9">ExL</subfield>
      </datafield>
      <datafield tag="949" ind1=" " ind2=" ">
         <subfield code="a">2019-04-15</subfield>
      </datafield>
      <datafield tag="953" ind1=" " ind2=" ">
         <subfield code="a">/data/metadata/incoming/consyn-backfiles/46-2-00104-HEAD-ONLY.zip</subfield>
      </datafield>
      <datafield tag="954" ind1=" " ind2=" ">
         <subfield code="a">file:/data/metadata/staging/consyn-backfiles/S1574954115001491.xml</subfield>
      </datafield>
      <datafield tag="955" ind1=" " ind2=" ">
         <subfield code="a">/data/metadata/staging/consyn-backfiles/</subfield>
      </datafield>
      <datafield tag="974" ind1=" " ind2=" ">
         <subfield code="a">agid:5380587</subfield>
      </datafield>
      <datafield tag="983" ind1=" " ind2=" ">
         <subfield code="a">2019-04-15</subfield>
      </datafield>
      <datafield tag="984" ind1=" " ind2=" ">
         <subfield code="a">2019-04-15</subfield>
      </datafield>
   </record>