
   <!--Record: 183-->
   <record>
      <leader>06962nab a2200949 u 4500</leader>
      <controlfield tag="001">9915967282007426</controlfield>
      <controlfield tag="005">20221122105757.0</controlfield>
      <controlfield tag="008">200515e20180701xx |||||o|||||||||||eng||</controlfield>
      <datafield tag="016" ind1="7" ind2=" ">
         <subfield code="a">IND606339202</subfield>
         <subfield code="2">DNAL</subfield>
      </datafield>
      <datafield tag="024" ind1="7" ind2=" ">
         <subfield code="a">10113/6339202</subfield>
         <subfield code="2">hdl</subfield>
      </datafield>
      <datafield tag="024" ind1="7" ind2=" ">
         <subfield code="a">10.1016/j.foreco.2018.01.012</subfield>
         <subfield code="2">chorus</subfield>
      </datafield>
      <datafield tag="024" ind1="7" ind2=" ">
         <subfield code="a">10.1016/j.foreco.2018.01.012</subfield>
         <subfield code="2">doi</subfield>
      </datafield>
      <datafield tag="035" ind1=" " ind2=" ">
         <subfield code="a">agid:6339202-01nal_inst</subfield>
      </datafield>
      <datafield tag="040" ind1=" " ind2=" ">
         <subfield code="a">AGL</subfield>
         <subfield code="b">eng</subfield>
         <subfield code="c">AGL</subfield>
      </datafield>
      <datafield tag="100" ind1="1" ind2=" ">
         <subfield code="a">Ambrose, Anthony R.</subfield>
         <subfield code="e">author</subfield>
         <subfield code="u">Department of Integrative Biology, University of California, Berkeley, CA
        94720, United States</subfield>
      </datafield>
      <datafield tag="245" ind1="1" ind2="0">
         <subfield code="a">Leaf- and crown-level adjustments help giant sequoias maintain favorable
        water status during severe drought</subfield>
      </datafield>
      <datafield tag="300" ind1=" " ind2=" ">
         <subfield code="a">p. 257-267.</subfield>
      </datafield>
      <datafield tag="506" ind1=" " ind2=" ">
         <subfield code="a">Resource is Open Access</subfield>
         <subfield code="u">http://purl.org/eprint/accessRights/OpenAccess</subfield>
         <subfield code="f">Unrestricted online access</subfield>
         <subfield code="2">star</subfield>
      </datafield>
      <datafield tag="506" ind1=" " ind2=" ">
         <subfield code="a">CHORUS License Information</subfield>
         <subfield code="f">Unrestricted online access</subfield>
         <subfield code="2">star</subfield>
      </datafield>
      <datafield tag="506" ind1=" " ind2=" ">
         <subfield code="a">CHORUS License Information</subfield>
         <subfield code="f">Unrestricted online access</subfield>
         <subfield code="2">star</subfield>
      </datafield>
      <datafield tag="520" ind1=" " ind2=" ">
         <subfield code="a">Drought is expected to become an increasingly important stressor on forests
        globally, and understanding the physiological mechanisms driving tree drought response is
        essential for developing effective mitigation and conservation measures for these
        ecosystems. In 2014, during California’s 2012–2016 "hotter" drought in which higher
        temperatures exacerbated the effects of low water availability, many giant sequoia trees in
        the Sierra Nevada mountains exhibited foliage dieback at levels previously unreported. We
        hypothesized that this apparent drought-induced foliage dieback was associated with spatial
        patterns of site water balance and consequently tree water status and physiology. As part of
        an ongoing collaborative project aimed at understanding and mapping giant sequoia drought
        response and vulnerability at leaf to landscape scales, in 2015, 2016 and 2017 we climbed
        and measured leaf-level water status and physiology of mature and seedling giant sequoia
        trees at sites exhibiting low and high average foliage dieback in Giant Forest, Sequoia
        National Park. We also compared our 2015–2017 measurements with similar measurements made in
        giant sequoias prior to the commencement of the 2012–2016 drought. We found that during the
        drought, leaf water potentials of both mature and seedling sequoias were as low or lower
        than any previous measurements, and leaf water potentials of some seedlings were as low as
        the tops of mature trees. In contrast to our expectations, we found similar water potentials
        in both foliage dieback classes, although there was a high degree of within-site variability
        and in some measurement periods trees and seedlings growing in flat or meadow-side
        topographic positions had higher water potentials than those growing on mid- or upslope
        positions with presumably less favorable water supply. Leaf-level adjustments included
        multiple mechanisms to reduce water loss and resist the effects of desiccation at both
        seasonal and annual time scales, including stomatal closure, redistribution of leaf water to
        less mobile storage, and a shift in leaf carbon fractions to build tougher, more
        drought-resistant foliage. Our results suggest that giant sequoia employs a drought
        avoidance water regulation strategy and leaf-level adjustments are sufficient to maintain
        relatively isohydric water potentials above critical thresholds under most conditions.
        Because of the high severity of the 2012–2016 drought, however, the capacity for leaf-level
        compensation in some giant sequoias was overwhelmed and both leaf- and crown-level
        adjustments were necessary to maintain favorable water status to protect whole-tree
        hydraulic functioning. Additional research aimed at understanding and monitoring the
        consequences of future hotter droughts is necessary in order to determine the long-term
        persistence of giant sequoias within their current geographic distribution.</subfield>
      </datafield>
      <datafield tag="592" ind1=" " ind2=" ">
         <subfield code="a">Publisher supplied data</subfield>
      </datafield>
      <datafield tag="593" ind1=" " ind2=" ">
         <subfield code="a">PubAg article</subfield>
      </datafield>
      <datafield tag="596" ind1=" " ind2=" ">
         <subfield code="c">National Park Service</subfield>
         <subfield code="d">https://doi.org/10.13039/100007516</subfield>
      </datafield>
      <datafield tag="596" ind1=" " ind2=" ">
         <subfield code="c">U.S. Forest Service</subfield>
         <subfield code="d">https://doi.org/10.13039/100006959</subfield>
      </datafield>
      <datafield tag="596" ind1=" " ind2=" ">
         <subfield code="c">USGS</subfield>
         <subfield code="d">https://doi.org/10.13039/100000203</subfield>
      </datafield>
      <datafield tag="596" ind1=" " ind2=" ">
         <subfield code="c">Save the Redwoods League</subfield>
      </datafield>
      <datafield tag="650" ind1=" " ind2="3">
         <subfield code="a">Sequoiadendron giganteum</subfield>
      </datafield>
      <datafield tag="650" ind1=" " ind2="3">
         <subfield code="a">carbon</subfield>
      </datafield>
      <datafield tag="650" ind1=" " ind2="3">
         <subfield code="a">dieback</subfield>
      </datafield>
      <datafield tag="650" ind1=" " ind2="3">
         <subfield code="a">drought</subfield>
      </datafield>
      <datafield tag="650" ind1=" " ind2="3">
         <subfield code="a">drought tolerance</subfield>
      </datafield>
      <datafield tag="650" ind1=" " ind2="3">
         <subfield code="a">ecosystems</subfield>
      </datafield>
      <datafield tag="650" ind1=" " ind2="3">
         <subfield code="a">forests</subfield>
      </datafield>
      <datafield tag="650" ind1=" " ind2="3">
         <subfield code="a">geographical distribution</subfield>
      </datafield>
      <datafield tag="650" ind1=" " ind2="3">
         <subfield code="a">landscapes</subfield>
      </datafield>
      <datafield tag="650" ind1=" " ind2="3">
         <subfield code="a">leaves</subfield>
      </datafield>
      <datafield tag="650" ind1=" " ind2="3">
         <subfield code="a">monitoring</subfield>
      </datafield>
      <datafield tag="650" ind1=" " ind2="3">
         <subfield code="a">mountains</subfield>
      </datafield>
      <datafield tag="650" ind1=" " ind2="3">
         <subfield code="a">national parks</subfield>
      </datafield>
      <datafield tag="650" ind1=" " ind2="3">
         <subfield code="a">seedlings</subfield>
      </datafield>
      <datafield tag="650" ind1=" " ind2="3">
         <subfield code="a">stomatal movement</subfield>
      </datafield>
      <datafield tag="650" ind1=" " ind2="3">
         <subfield code="a">temperature</subfield>
      </datafield>
      <datafield tag="650" ind1=" " ind2="3">
         <subfield code="a">topography</subfield>
      </datafield>
      <datafield tag="650" ind1=" " ind2="3">
         <subfield code="a">trees</subfield>
      </datafield>
      <datafield tag="650" ind1=" " ind2="3">
         <subfield code="a">water supply</subfield>
      </datafield>
      <datafield tag="651" ind1=" " ind2="3">
         <subfield code="a">California</subfield>
      </datafield>
      <datafield tag="653" ind1=" " ind2="0">
         <subfield code="a">Drought</subfield>
      </datafield>
      <datafield tag="653" ind1=" " ind2="0">
         <subfield code="a">Sequoiadendron giganteum</subfield>
      </datafield>
      <datafield tag="653" ind1=" " ind2="0">
         <subfield code="a">Water potential</subfield>
      </datafield>
      <datafield tag="653" ind1=" " ind2="0">
         <subfield code="a">Leaf senescence</subfield>
      </datafield>
      <datafield tag="653" ind1=" " ind2="0">
         <subfield code="a">Stomatal closure</subfield>
      </datafield>
      <datafield tag="653" ind1=" " ind2="0">
         <subfield code="a">Xylem embolism</subfield>
      </datafield>
      <datafield tag="700" ind1="1" ind2=" ">
         <subfield code="a">Baxter, Wendy L.</subfield>
         <subfield code="e">author</subfield>
         <subfield code="u">Department of Integrative Biology, University of California, Berkeley, CA
        94720, United States</subfield>
      </datafield>
      <datafield tag="700" ind1="1" ind2=" ">
         <subfield code="a">Martin, Roberta E.</subfield>
         <subfield code="e">author</subfield>
         <subfield code="u">Department of Global Ecology, Carnegie Institution for Science, Stanford,
        CA 94305, United States</subfield>
      </datafield>
      <datafield tag="700" ind1="1" ind2=" ">
         <subfield code="a">Francis, Emily</subfield>
         <subfield code="e">author</subfield>
         <subfield code="u">Department of Global Ecology, Carnegie Institution for Science, Stanford,
        CA 94305, United States</subfield>
      </datafield>
      <datafield tag="700" ind1="1" ind2=" ">
         <subfield code="a">Asner, Gregory P.</subfield>
         <subfield code="e">author</subfield>
         <subfield code="u">Department of Global Ecology, Carnegie Institution for Science, Stanford,
        CA 94305, United States</subfield>
      </datafield>
      <datafield tag="700" ind1="1" ind2=" ">
         <subfield code="a">Nydick, Koren R.</subfield>
         <subfield code="e">author</subfield>
         <subfield code="u">Sequoia and Kings Canyon National Parks, Three Rivers, CA 93271, United
        States</subfield>
      </datafield>
      <datafield tag="700" ind1="1" ind2=" ">
         <subfield code="a">Dawson, Todd E.</subfield>
         <subfield code="e">author</subfield>
         <subfield code="u">Department of Integrative Biology, University of California, Berkeley, CA
        94720, United States</subfield>
      </datafield>
      <datafield tag="773" ind1="0" ind2=" ">
         <subfield code="t">Forest ecology and management.</subfield>
         <subfield code="g">2018 July 1, v. 419-420 p.257-267</subfield>
         <subfield code="d">Elsevier B.V.</subfield>
         <subfield code="a">Elsevier B.V.</subfield>
         <subfield code="w">Journal:jnl9013</subfield>
         <subfield code="x">0378-1127</subfield>
         <subfield code="7">nnas</subfield>
      </datafield>
      <datafield tag="787" ind1="1" ind2=" ">
         <subfield code="o">islandora_article_repository</subfield>
      </datafield>
      <datafield tag="787" ind1="1" ind2=" ">
         <subfield code="o">product_pubag</subfield>
      </datafield>
      <datafield tag="787" ind1="1" ind2=" ">
         <subfield code="o">(Journal)jnl9013</subfield>
      </datafield>
      <datafield tag="856" ind1="4" ind2="0">
         <subfield code="u">https://dx.doi.org/10.1016/j.foreco.2018.01.012</subfield>
         <subfield code="3">Available from publisher's site</subfield>
      </datafield>
      <datafield tag="856" ind1="4" ind2="0">
         <subfield code="u">https://handle.nal.usda.gov/10113/6339202</subfield>
         <subfield code="3">Available in the National Agricultural Library PubAg search
        system</subfield>
      </datafield>
      <datafield tag="912" ind1=" " ind2=" ">
         <subfield code="a">Article</subfield>
      </datafield>
      <datafield tag="914" ind1=" " ind2=" ">
         <subfield code="a">Journal:jnl9013</subfield>
         <subfield code="b">0378-1127</subfield>
         <subfield code="c">419-420</subfield>
         <subfield code="e">257</subfield>
      </datafield>
      <datafield tag="914" ind1=" " ind2=" ">
         <subfield code="f">Forest ecology and management</subfield>
      </datafield>
      <datafield tag="916" ind1=" " ind2=" ">
         <subfield code="a">Batch:2187</subfield>
      </datafield>
      <datafield tag="917" ind1=" " ind2=" ">
         <subfield code="a">issued</subfield>
      </datafield>
      <datafield tag="918" ind1="2" ind2=" ">
         <subfield code="a">Elsevier Consyn</subfield>
         <subfield code="e">provider</subfield>
         <subfield code="5">DNAL</subfield>
      </datafield>
      <datafield tag="935" ind1=" " ind2=" ">
         <subfield code="a">IND606339202</subfield>
         <subfield code="9">ExL</subfield>
      </datafield>
      <datafield tag="949" ind1=" " ind2=" ">
         <subfield code="a">2020-03-06</subfield>
      </datafield>
      <datafield tag="953" ind1=" " ind2=" ">
         <subfield code="a">/data/metadata/incoming/consyn/149703524951723375-00001-HEAD-ONLY-REVISEDSUBJECTLIST.zip</subfield>
      </datafield>
      <datafield tag="954" ind1=" " ind2=" ">
         <subfield code="a">file:/data/metadata/staging/consyn/S0378112717321448.xml</subfield>
      </datafield>
      <datafield tag="955" ind1=" " ind2=" ">
         <subfield code="a">/data/metadata/staging/consyn/</subfield>
      </datafield>
      <datafield tag="961" ind1=" " ind2=" ">
         <subfield code="a">USDA</subfield>
      </datafield>
      <datafield tag="962" ind1=" " ind2=" ">
         <subfield code="a">USDA Scientist Submission; eISSN 1872-7042</subfield>
      </datafield>
      <datafield tag="962" ind1=" " ind2=" ">
         <subfield code="a">Missing ISSN</subfield>
      </datafield>
      <datafield tag="974" ind1=" " ind2=" ">
         <subfield code="a">agid:6339202</subfield>
      </datafield>
      <datafield tag="983" ind1=" " ind2=" ">
         <subfield code="a">2020-05-15</subfield>
      </datafield>
      <datafield tag="984" ind1=" " ind2=" ">
         <subfield code="a">2022-09-06</subfield>
      </datafield>
   </record>