
   <!--Record: 185-->
   <record>
      <leader>04574nab a2200613 u 4500</leader>
      <controlfield tag="001">9915967284507426</controlfield>
      <controlfield tag="005">20221122105725.0</controlfield>
      <controlfield tag="008">190326e20190221xx |||||o|||||||||||eng||</controlfield>
      <datafield tag="016" ind1="7" ind2=" ">
         <subfield code="a">IND606339256</subfield>
         <subfield code="2">DNAL</subfield>
      </datafield>
      <datafield tag="024" ind1="7" ind2=" ">
         <subfield code="a">10.1016/j.foreco.2019.02.031</subfield>
         <subfield code="2">doi</subfield>
      </datafield>
      <datafield tag="035" ind1=" " ind2=" ">
         <subfield code="a">agid:6339256-01nal_inst</subfield>
      </datafield>
      <datafield tag="040" ind1=" " ind2=" ">
         <subfield code="a">AGL</subfield>
         <subfield code="b">eng</subfield>
         <subfield code="c">AGL</subfield>
      </datafield>
      <datafield tag="100" ind1="1" ind2=" ">
         <subfield code="a">Podlaski, Rafał</subfield>
         <subfield code="e">author</subfield>
         <subfield code="u">Department of Nature Protection and Plant Physiology, Institute of Biology,
        Jan Kochanowski University, ul. Świętokrzyska 15, 25-406 Kielce, Poland</subfield>
         <subfield code="1">https://orcid.org/0000-0002-6957-3902</subfield>
      </datafield>
      <datafield tag="245" ind1="1" ind2="0">
         <subfield code="a">Models of the fine-scale spatial distributions of trees in managed and
        unmanaged forest patches with Abies alba Mill. and Fagus sylvatica L.</subfield>
      </datafield>
      <datafield tag="500" ind1=" " ind2=" ">
         <subfield code="a">Pre-press version</subfield>
      </datafield>
      <datafield tag="520" ind1=" " ind2=" ">
         <subfield code="a">Fine-scale spatial point-pattern analysis can give insights into the
        underlying pattern-creating biological processes in an environmental context. However, there
        are few studies comparing the spatial distribution of trees in managed stands and unmanaged
        forests that take into account their developmental stage. The main aim of this study was to
        assess and model the spatial patterns of Abies alba Mill. and Fagus sylvatica L. trees in
        managed and unmanaged forest patches in the early developmental stage.This study
        investigated tree communities dominated by A. alba and F. sylvatica in the Świętokrzyskie
        Mountains in Central Europe. From 2016 to 2018, 60 sample plots representing the growing-up
        developmental stage were randomly selected: 30 from managed stands and 30 from unmanaged
        forests. Models of the fine-scale spatial distributions of the trees were distinguished
        using hierarchical cluster analysis (HCA), analysis of group similarities (ANOSIM), and
        multiple response permutation procedures (MRPP). Indices based on the K-function and the
        O-ring statistic, ILr and IOr, respectively, were developed and used as clustering
        variables. The proposed indices assume values from –1 to +1 for random patterns; values &gt;
        1 indicate aggregation, and values &lt; –1 indicate regularity.Models of the fine-scale
        spatial distributions of the trees differed only slightly between the managed and unmanaged
        patches. These models suggest that in the investigated sample plots, the fine-scale spatial
        patterns (with distances among the trees not exceeding 10 m) were usually random. Only in a
        few patches were the tree distributions found to be aggregated, from 5 to 10 m and from 7 to
        10 m in the managed stands and the unmanaged forests, respectively. The relatively similar
        models of the fine-scale spatial distributions of the trees in the managed and unmanaged
        forest patches in the growing-up developmental stage show that early successional forest
        dynamics follow a parallel trajectory of recovery. The long-term application of the
        shelterwood system as well as self-regeneration and self-regulation natural processes led to
        the creation of the similar spatial structures of the trees. This observation may be helpful
        in the design of planting patterns and/or harvesting schedules.</subfield>
      </datafield>
      <datafield tag="592" ind1=" " ind2=" ">
         <subfield code="a">Publisher supplied data</subfield>
      </datafield>
      <datafield tag="593" ind1=" " ind2=" ">
         <subfield code="a">PubAg article</subfield>
      </datafield>
      <datafield tag="650" ind1=" " ind2="3">
         <subfield code="a">Abies alba</subfield>
      </datafield>
      <datafield tag="650" ind1=" " ind2="3">
         <subfield code="a">Fagus sylvatica</subfield>
      </datafield>
      <datafield tag="650" ind1=" " ind2="3">
         <subfield code="a">forest dynamics</subfield>
      </datafield>
      <datafield tag="650" ind1=" " ind2="3">
         <subfield code="a">forests</subfield>
      </datafield>
      <datafield tag="650" ind1=" " ind2="3">
         <subfield code="a">harvest date</subfield>
      </datafield>
      <datafield tag="650" ind1=" " ind2="3">
         <subfield code="a">models</subfield>
      </datafield>
      <datafield tag="650" ind1=" " ind2="3">
         <subfield code="a">mountains</subfield>
      </datafield>
      <datafield tag="650" ind1=" " ind2="3">
         <subfield code="a">planting</subfield>
      </datafield>
      <datafield tag="650" ind1=" " ind2="3">
         <subfield code="a">shelterwood systems</subfield>
      </datafield>
      <datafield tag="650" ind1=" " ind2="3">
         <subfield code="a">trees</subfield>
      </datafield>
      <datafield tag="651" ind1=" " ind2="3">
         <subfield code="a">Central European region</subfield>
      </datafield>
      <datafield tag="653" ind1=" " ind2="0">
         <subfield code="a">managed stands</subfield>
      </datafield>
      <datafield tag="653" ind1=" " ind2="0">
         <subfield code="a">unmanaged forests</subfield>
      </datafield>
      <datafield tag="653" ind1=" " ind2="0">
         <subfield code="a">spatial pattern analysis</subfield>
      </datafield>
      <datafield tag="653" ind1=" " ind2="0">
         <subfield code="a">competition</subfield>
      </datafield>
      <datafield tag="653" ind1=" " ind2="0">
         <subfield code="a">fine-scale spatial distribution</subfield>
      </datafield>
      <datafield tag="773" ind1="0" ind2=" ">
         <subfield code="t">Forest ecology and management.</subfield>
         <subfield code="g">2019 Feb. 21, </subfield>
         <subfield code="d">Elsevier B.V.</subfield>
         <subfield code="w">Journal:jnl9013</subfield>
         <subfield code="x">0378-1127</subfield>
         <subfield code="7">nnas</subfield>
      </datafield>
      <datafield tag="787" ind1="1" ind2=" ">
         <subfield code="o">islandora_article_repository</subfield>
      </datafield>
      <datafield tag="787" ind1="1" ind2=" ">
         <subfield code="o">product_pubag</subfield>
      </datafield>
      <datafield tag="787" ind1="1" ind2=" ">
         <subfield code="o">(Journal)jnl9013</subfield>
      </datafield>
      <datafield tag="856" ind1="4" ind2="0">
         <subfield code="u">https://dx.doi.org/10.1016/j.foreco.2019.02.031</subfield>
         <subfield code="3">Available from publisher's site</subfield>
      </datafield>
      <datafield tag="912" ind1=" " ind2=" ">
         <subfield code="a">Article</subfield>
      </datafield>
      <datafield tag="914" ind1=" " ind2=" ">
         <subfield code="a">Journal:jnl9013</subfield>
         <subfield code="b">0378-1127</subfield>
         <subfield code="c">439</subfield>
         <subfield code="e">1</subfield>
      </datafield>
      <datafield tag="914" ind1=" " ind2=" ">
         <subfield code="f">Forest ecology and management</subfield>
      </datafield>
      <datafield tag="916" ind1=" " ind2=" ">
         <subfield code="a">Batch:2187</subfield>
      </datafield>
      <datafield tag="917" ind1=" " ind2=" ">
         <subfield code="a">issued</subfield>
      </datafield>
      <datafield tag="918" ind1="2" ind2=" ">
         <subfield code="a">Elsevier Consyn</subfield>
         <subfield code="e">provider</subfield>
         <subfield code="5">DNAL</subfield>
      </datafield>
      <datafield tag="935" ind1=" " ind2=" ">
         <subfield code="a">IND606339256</subfield>
         <subfield code="9">ExL</subfield>
      </datafield>
      <datafield tag="949" ind1=" " ind2=" ">
         <subfield code="a">2019-05-03</subfield>
      </datafield>
      <datafield tag="953" ind1=" " ind2=" ">
         <subfield code="a">/data/metadata/incoming/consyn/40392-00001-HEAD-ONLY-REVISEDSUBJECTLIST.zip</subfield>
      </datafield>
      <datafield tag="954" ind1=" " ind2=" ">
         <subfield code="a">file:/data/metadata/staging/consyn/S0378112719300234.xml</subfield>
      </datafield>
      <datafield tag="955" ind1=" " ind2=" ">
         <subfield code="a">/data/metadata/staging/consyn/</subfield>
      </datafield>
      <datafield tag="962" ind1=" " ind2=" ">
         <subfield code="a">Batch:2187 reviewed on 2019-05-03T12:00:03Z</subfield>
      </datafield>
      <datafield tag="974" ind1=" " ind2=" ">
         <subfield code="a">agid:6339256</subfield>
      </datafield>
      <datafield tag="983" ind1=" " ind2=" ">
         <subfield code="a">2019-03-26</subfield>
      </datafield>
      <datafield tag="984" ind1=" " ind2=" ">
         <subfield code="a">2019-05-23</subfield>
      </datafield>
   </record>