
   <!--Record: 186-->
   <record>
      <leader>04781nab a2200637 u 4500</leader>
      <controlfield tag="001">9915967705807426</controlfield>
      <controlfield tag="005">20221117180042.0</controlfield>
      <controlfield tag="008">090120e20090210xx |||||o|||||||||||eng||</controlfield>
      <datafield tag="016" ind1="7" ind2=" ">
         <subfield code="a">IND44149943</subfield>
         <subfield code="2">DNAL</subfield>
      </datafield>
      <datafield tag="024" ind1="7" ind2=" ">
         <subfield code="a">10.1016/j.foreco.2008.10.016</subfield>
         <subfield code="2">doi</subfield>
      </datafield>
      <datafield tag="035" ind1=" " ind2=" ">
         <subfield code="a">agid:745761-01nal_inst</subfield>
      </datafield>
      <datafield tag="040" ind1=" " ind2=" ">
         <subfield code="a">AGL</subfield>
         <subfield code="b">eng</subfield>
         <subfield code="c">AGL</subfield>
      </datafield>
      <datafield tag="072" ind1=" " ind2="0">
         <subfield code="a">F300</subfield>
      </datafield>
      <datafield tag="072" ind1=" " ind2="0">
         <subfield code="a">X100</subfield>
      </datafield>
      <datafield tag="100" ind1="1" ind2=" ">
         <subfield code="a">Brudvig, Lars A.</subfield>
      </datafield>
      <datafield tag="245" ind1="1" ind2="0">
         <subfield code="a">Dynamics and determinants of Quercus alba seedling success following
        savanna encroachment and restoration</subfield>
      </datafield>
      <datafield tag="300" ind1=" " ind2=" ">
         <subfield code="a">p. 876-884.</subfield>
      </datafield>
      <datafield tag="500" ind1=" " ind2=" ">
         <subfield code="a">Includes references</subfield>
      </datafield>
      <datafield tag="520" ind1=" " ind2=" ">
         <subfield code="a">The scattered tree layer that defines savannas is important for structuring
        the understory community and determining patterns of overstory recruitment. However,
        encroachment by woody plants has altered overstory tree densities and regeneration dynamics.
        We characterized seedling success of the savanna-forming species Quercus alba within
        Midwestern (USA) oak savannas that had been degraded by encroachment (control; n =4) or
        experimentally restored by removal of encroaching woody vegetation (treatment; n =4). In
        early 2004, 981 seedlings were transplanted along transects radiating from tree boles of
        overstory Q. alba trees to inter-canopy gaps and monitored for three growing seasons.
        Seedlings in restored sites had greater survival (&gt;2x), height growth (by &gt;50%), and
        basal diameter growth (by &gt;20%). In general, seedling survival and growth parameters
        increased with distance from overstory trees and were greatest in inter-canopy gaps of
        restored sites. By the final growing season (2006), the seedling survival-by-distance from
        tree correlation was stronger in control (r ² =0.25) than treatment sites (r ² =0.18), due
        to relatively uniform (and greater) survival at all distances from trees in treatment sites.
        In 2006, growth parameters (seedling height, diameter, Δ height, Δ diameter, and # leaves)
        were significantly (and more strongly) positively correlated with distance from trees in
        treatment sites. However, seedling herbivory was also greater after treatment and increased
        with distance from overstory trees. To understand seedling/microenvironment relationships,
        we created logistic (survival) and linear regression models (Δ height, Δ basal diameter, #
        leaves in 2006). Control seedling models had consistently greater predictive power and
        included more variables, suggesting that savanna restoration may decouple seedlings from
        their microenvironments, potentially by decreasing competition for limiting resources.
        Encroachment of the savannas in this study is limiting regeneration of Q. alba, suggesting
        substantially altered regeneration dynamics from those under which these savannas originally
        formed. Initial responses from our test of restoration, however, were promising and
        mechanical encroachment removal may be a means to promote overstory regeneration of this
        species. Finally, the savannas in this study appear inherently unstable and a scattered
        canopy tree configuration is unlikely to persist without regular disturbance, even in the
        restoration sites. Repeated mechanical thinning treatments with selected retention of
        recruiting Q. alba individuals or reintroduction of understory fire or grazing animals may
        be potential mechanisms for promoting long-term persistence of savannas at these
        sites.</subfield>
      </datafield>
      <datafield tag="593" ind1=" " ind2=" ">
         <subfield code="a">PubAg article</subfield>
      </datafield>
      <datafield tag="650" ind1=" " ind2="3">
         <subfield code="a">Quercus alba</subfield>
      </datafield>
      <datafield tag="650" ind1=" " ind2="3">
         <subfield code="a">forest trees</subfield>
      </datafield>
      <datafield tag="650" ind1=" " ind2="3">
         <subfield code="a">seedlings</subfield>
      </datafield>
      <datafield tag="650" ind1=" " ind2="3">
         <subfield code="a">seedling growth</subfield>
      </datafield>
      <datafield tag="650" ind1=" " ind2="3">
         <subfield code="a">mortality</subfield>
      </datafield>
      <datafield tag="650" ind1=" " ind2="3">
         <subfield code="a">woodlands</subfield>
      </datafield>
      <datafield tag="650" ind1=" " ind2="3">
         <subfield code="a">savannas</subfield>
      </datafield>
      <datafield tag="650" ind1=" " ind2="3">
         <subfield code="a">natural regeneration</subfield>
      </datafield>
      <datafield tag="650" ind1=" " ind2="3">
         <subfield code="a">forest canopy</subfield>
      </datafield>
      <datafield tag="650" ind1=" " ind2="3">
         <subfield code="a">statistical models</subfield>
      </datafield>
      <datafield tag="650" ind1=" " ind2="3">
         <subfield code="a">ecological restoration</subfield>
      </datafield>
      <datafield tag="650" ind1=" " ind2="3">
         <subfield code="a">spatial data</subfield>
      </datafield>
      <datafield tag="650" ind1=" " ind2="3">
         <subfield code="a">microhabitats</subfield>
      </datafield>
      <datafield tag="650" ind1=" " ind2="3">
         <subfield code="a">woody plants</subfield>
      </datafield>
      <datafield tag="650" ind1=" " ind2="3">
         <subfield code="a">spatial distribution</subfield>
      </datafield>
      <datafield tag="700" ind1="1" ind2=" ">
         <subfield code="a">Asbjornsen, Heidi</subfield>
      </datafield>
      <datafield tag="773" ind1="0" ind2=" ">
         <subfield code="t">Forest ecology and management.</subfield>
         <subfield code="g">2009 Feb. 10, v. 257, no. 3 p.876-884</subfield>
         <subfield code="d">Elsevier Science</subfield>
         <subfield code="x">0378-1127</subfield>
         <subfield code="7">nnas</subfield>
      </datafield>
      <datafield tag="787" ind1="1" ind2=" ">
         <subfield code="o">islandora_article_repository</subfield>
      </datafield>
      <datafield tag="787" ind1="1" ind2=" ">
         <subfield code="o">product_pubag</subfield>
      </datafield>
      <datafield tag="787" ind1="1" ind2=" ">
         <subfield code="o">(Journal)jnl9013</subfield>
      </datafield>
      <datafield tag="852" ind1=" " ind2=" ">
         <subfield code="a">DNAL</subfield>
      </datafield>
      <datafield tag="856" ind1="4" ind2="0">
         <subfield code="u">http://dx.doi.org/10.1016/j.foreco.2008.10.016</subfield>
         <subfield code="3">Available from publisher's Web site</subfield>
      </datafield>
      <datafield tag="912" ind1=" " ind2=" ">
         <subfield code="a">Article</subfield>
      </datafield>
      <datafield tag="914" ind1=" " ind2=" ">
         <subfield code="a">Journal:jnl9013</subfield>
         <subfield code="b">0378-1127</subfield>
         <subfield code="c">257</subfield>
         <subfield code="d">3</subfield>
         <subfield code="e">876</subfield>
      </datafield>
      <datafield tag="914" ind1=" " ind2=" ">
         <subfield code="f">Forest ecology and management</subfield>
      </datafield>
      <datafield tag="917" ind1=" " ind2=" ">
         <subfield code="a">issued</subfield>
      </datafield>
      <datafield tag="930" ind1=" " ind2=" ">
         <subfield code="a">20090206</subfield>
         <subfield code="b">20090301</subfield>
         <subfield code="c">00000000</subfield>
      </datafield>
      <datafield tag="935" ind1=" " ind2=" ">
         <subfield code="a">IND44149943</subfield>
         <subfield code="9">ExL</subfield>
      </datafield>
      <datafield tag="945" ind1=" " ind2=" ">
         <subfield code="a">IND</subfield>
         <subfield code="d">LYN</subfield>
         <subfield code="e">2009/02/06</subfield>
      </datafield>
      <datafield tag="946" ind1=" " ind2=" ">
         <subfield code="a">Non-US</subfield>
      </datafield>
      <datafield tag="949" ind1=" " ind2=" ">
         <subfield code="a">2014-07-17</subfield>
      </datafield>
      <datafield tag="952" ind1=" " ind2=" ">
         <subfield code="a">20090206 20090301 00000000</subfield>
         <subfield code="b">IND LYN 2009/02/06</subfield>
      </datafield>
      <datafield tag="974" ind1=" " ind2=" ">
         <subfield code="a">agid:745761</subfield>
      </datafield>
      <datafield tag="984" ind1=" " ind2=" ">
         <subfield code="a">2014-07-25</subfield>
      </datafield>
      <datafield tag="985" ind1=" " ind2=" ">
         <subfield code="a">Converted from MARCXML to MODS version 3.4 using MARC21slim2MODS3-4.xsl
        (Revision 1.95 2014/04/23)</subfield>
      </datafield>
      <datafield tag="986" ind1=" " ind2=" ">
         <subfield code="a">4149943</subfield>
      </datafield>
   </record>