
   <!--Record: 187-->
   <record>
      <leader>02864nab a2200457 u 4500</leader>
      <controlfield tag="001">9915967894707426</controlfield>
      <controlfield tag="005">20221120210614.0</controlfield>
      <controlfield tag="008">151124e200709 xx |||||o|||||||||||eng||</controlfield>
      <datafield tag="016" ind1="7" ind2=" ">
         <subfield code="a">IND601294329</subfield>
         <subfield code="2">DNAL</subfield>
      </datafield>
      <datafield tag="024" ind1="7" ind2=" ">
         <subfield code="a">10.3956/0031-0603-83.3.193</subfield>
         <subfield code="2">doi</subfield>
      </datafield>
      <datafield tag="035" ind1=" " ind2=" ">
         <subfield code="a">agid:1294329-01nal_inst</subfield>
      </datafield>
      <datafield tag="040" ind1=" " ind2=" ">
         <subfield code="a">AGL</subfield>
         <subfield code="b">eng</subfield>
         <subfield code="c">AGL</subfield>
      </datafield>
      <datafield tag="100" ind1="1" ind2=" ">
         <subfield code="a">Yamazaki, Kazuo</subfield>
         <subfield code="e">author</subfield>
         <subfield code="u">Laboratory of Insect Ecology, Graduate School of Agriculture, Kyoto
        University, Kyoto, Japan</subfield>
      </datafield>
      <datafield tag="245" ind1="1" ind2="3">
         <subfield code="a">An analysis of spatial distribution in the exotic slug caterpillar Parasa
        lepida (Cramer) (Lepidoptera: Limacodidae) at an urban coastal site in central
        Japan</subfield>
      </datafield>
      <datafield tag="300" ind1=" " ind2=" ">
         <subfield code="a">p. 193-199.</subfield>
      </datafield>
      <datafield tag="520" ind1=" " ind2=" ">
         <subfield code="a">The slug caterpillar Parasa lepida (Lepidoptera: Limacodidae) is an
        introduced pest to urban trees in western Japan. The spatial distribution pattern of P.
        lepida cocoons was examined on cherry trees along an urban coastal avenue with reference to
        the effects of distance from the sea, dieback of trees, and avian predation. Stepwise
        multiple regression analysis revealed that cocoon density increased and tree dieback
        decreased with distance from the sea. These results suggest that salt spray from the sea and
        the resulting plant stress may negatively affect the moth. Avian predation rate increased
        with cocoon density per tree, suggesting density-dependent predation. Also, the predation
        rate was higher on cocoons between 0.5 and 1.5 m above ground, where the twigs were cleared
        and prop wood was fixed. These spatial distribution patterns are discussed with regard to
        pest control.</subfield>
      </datafield>
      <datafield tag="592" ind1=" " ind2=" ">
         <subfield code="a">Publisher supplied data</subfield>
      </datafield>
      <datafield tag="653" ind1=" " ind2="0">
         <subfield code="a">Bird predation</subfield>
      </datafield>
      <datafield tag="653" ind1=" " ind2="0">
         <subfield code="a">coastal environment</subfield>
      </datafield>
      <datafield tag="653" ind1=" " ind2="0">
         <subfield code="a">cocoon distribution</subfield>
      </datafield>
      <datafield tag="653" ind1=" " ind2="0">
         <subfield code="a">Parasa lepida</subfield>
      </datafield>
      <datafield tag="653" ind1=" " ind2="0">
         <subfield code="a">plant stress</subfield>
      </datafield>
      <datafield tag="653" ind1=" " ind2="0">
         <subfield code="a">urban ecology</subfield>
      </datafield>
      <datafield tag="700" ind1="1" ind2=" ">
         <subfield code="a">Kitamoto, Toshio</subfield>
         <subfield code="e">author</subfield>
         <subfield code="u">Faculty of Engineering, Doshishya University, Kyotanabe 610-0394, Kyoto,
        Japan</subfield>
      </datafield>
      <datafield tag="700" ind1="1" ind2=" ">
         <subfield code="a">Yariyama, Yoriko</subfield>
         <subfield code="e">author</subfield>
         <subfield code="u">Aozora Foundation, Nishi-yodogawa, Osaka 555-0013, Japan</subfield>
      </datafield>
      <datafield tag="700" ind1="1" ind2=" ">
         <subfield code="a">Sugiura, Shinji</subfield>
         <subfield code="e">author</subfield>
         <subfield code="u">Department of Forest Entomology, Forestry and Forest Products Research
        Institute, Tsukuba, Ibaraki 305-8687, Japan</subfield>
      </datafield>
      <datafield tag="773" ind1="0" ind2=" ">
         <subfield code="t">Pan-Pacific entomologist.</subfield>
         <subfield code="g">2007 Sept., v. 83, no. 3 p.193-199</subfield>
         <subfield code="d">Pacific Coast Entomological Society</subfield>
         <subfield code="x">0031-0603</subfield>
         <subfield code="7">nnas</subfield>
      </datafield>
      <datafield tag="787" ind1="1" ind2=" ">
         <subfield code="o">islandora_article_repository</subfield>
      </datafield>
      <datafield tag="787" ind1="1" ind2=" ">
         <subfield code="o">(Journal)jnl45774</subfield>
      </datafield>
      <datafield tag="856" ind1="4" ind2="0">
         <subfield code="u">http://dx.doi.org/10.3956%2F0031-0603-83.3.193</subfield>
         <subfield code="3">Available from publisher's site</subfield>
      </datafield>
      <datafield tag="912" ind1=" " ind2=" ">
         <subfield code="a">Article</subfield>
      </datafield>
      <datafield tag="914" ind1=" " ind2=" ">
         <subfield code="a">Journal:jnl45774</subfield>
         <subfield code="b">0031-0603</subfield>
         <subfield code="c">83</subfield>
         <subfield code="d">3</subfield>
         <subfield code="e">193</subfield>
      </datafield>
      <datafield tag="914" ind1=" " ind2=" ">
         <subfield code="f">Pan-Pacific entomologist</subfield>
      </datafield>
      <datafield tag="917" ind1=" " ind2=" ">
         <subfield code="a">hold</subfield>
      </datafield>
      <datafield tag="918" ind1="2" ind2=" ">
         <subfield code="a">BioOne</subfield>
         <subfield code="e">provider</subfield>
         <subfield code="5">DNAL</subfield>
      </datafield>
      <datafield tag="935" ind1=" " ind2=" ">
         <subfield code="a">IND601294329</subfield>
         <subfield code="9">ExL</subfield>
      </datafield>
      <datafield tag="953" ind1=" " ind2=" ">
         <subfield code="a">PANPv83i3-04282229-174016.zip</subfield>
      </datafield>
      <datafield tag="962" ind1=" " ind2=" ">
         <subfield code="a">Journal title changed from 'The Pan-Pacific Entomologist'</subfield>
      </datafield>
      <datafield tag="974" ind1=" " ind2=" ">
         <subfield code="a">agid:1294329</subfield>
      </datafield>
      <datafield tag="983" ind1=" " ind2=" ">
         <subfield code="a">2015-11-24</subfield>
      </datafield>
      <datafield tag="984" ind1=" " ind2=" ">
         <subfield code="a">2015-11-24</subfield>
      </datafield>
   </record>