
   <!--Record: 188-->
   <record>
      <leader>04640nab a2200733 u 4500</leader>
      <controlfield tag="001">9915968162107426</controlfield>
      <controlfield tag="005">20221123013609.0</controlfield>
      <controlfield tag="008">040818e200312 xx |||||o|||||||||||eng||</controlfield>
      <datafield tag="016" ind1="7" ind2=" ">
         <subfield code="a">IND43639815</subfield>
         <subfield code="2">DNAL</subfield>
      </datafield>
      <datafield tag="024" ind1="7" ind2=" ">
         <subfield code="a">18943618</subfield>
         <subfield code="2">pmid</subfield>
      </datafield>
      <datafield tag="024" ind1="7" ind2=" ">
         <subfield code="a">10.1094/PHYTO.2003.93.12.1543</subfield>
         <subfield code="2">doi</subfield>
      </datafield>
      <datafield tag="024" ind1="7" ind2=" ">
         <subfield code="a">10113/13514</subfield>
         <subfield code="2">hdl</subfield>
      </datafield>
      <datafield tag="035" ind1=" " ind2=" ">
         <subfield code="a">agid:13514-01nal_inst</subfield>
      </datafield>
      <datafield tag="040" ind1=" " ind2=" ">
         <subfield code="a">AGL</subfield>
         <subfield code="b">eng</subfield>
         <subfield code="c">AGL</subfield>
      </datafield>
      <datafield tag="072" ind1=" " ind2="0">
         <subfield code="a">F831</subfield>
      </datafield>
      <datafield tag="072" ind1=" " ind2="0">
         <subfield code="a">F200</subfield>
      </datafield>
      <datafield tag="072" ind1=" " ind2="0">
         <subfield code="a">X100</subfield>
      </datafield>
      <datafield tag="100" ind1="1" ind2=" ">
         <subfield code="a">Dallot, S.</subfield>
      </datafield>
      <datafield tag="245" ind1="1" ind2="0">
         <subfield code="a">Spatial pattern analysis of Sharka disease (Plum pox virus strain M) in
        peach orchards of southern France</subfield>
      </datafield>
      <datafield tag="300" ind1=" " ind2=" ">
         <subfield code="a">p. 1543-1552.</subfield>
      </datafield>
      <datafield tag="500" ind1=" " ind2=" ">
         <subfield code="a">Includes references</subfield>
      </datafield>
      <datafield tag="520" ind1=" " ind2=" ">
         <subfield code="a">The spatial pattern of Sharka disease, caused by Plum pox virus (PPV)
        strain M, was investigated in 18 peach plots located in two areas of southern France. PPV
        infections were monitored visually for each individual tree during one to three consecutive
        years. Point pattern and correlation-type approaches were undertaken using the binary data
        directly or after parsing them in contiguous quadrats of 4, 9, and 16 trees. Ordinary runs
        generally revealed a low but variable proportion of rows with adjacent symptomatic trees.
        Aggregation of disease incidence was indicated by the theta parameter of the beta-binomial
        distribution and related indices in 15 of the 18 plots tested for at least one assessment
        date of each. When aggregation was detected, it was indicated at all quadrat sizes and
        tended to be a function of disease incidence, as shown by the binary form of Taylor's power
        law. Spatial analysis by distance indices (SADIE) showed a nonrandom arrangement of quadrats
        with infected trees in 14 plots. The detection of patch clusters enclosing quadrats with
        above-average density of symptomatic trees, ellipsoidal in shape and generally extending
        from 4 to 14 trees within rows and from 4 to 10 trees perpendicular to the rows, could be
        interpreted as local areas of influence of PPV spread. Spatial patterns at the plot scale
        were often characterized by the occurrence of several clusters of infected trees located up
        to 90 m apart in the direction of the rows. When several time assessments were available,
        increasing clustering over time was generally evidenced by stronger values of the clustering
        index and by increasing patch cluster size. The combination of the different approaches
        revealed a wide range of spatial patterns of PPV-M, from no aggregation to high aggregation
        of symptomatic trees at all spatial scales investigated. Such patterns suggested that aphid
        transmission to neighboring trees occurred frequently but was not systematic. The mechanism
        of primary virus introduction, the age and structure of the orchards when infected, and the
        diversity of vector species probably had a strong influence on the secondary spread of the
        disease. This study provides a more complete understanding of PPV-M patterns which could
        help to improve targeting of removal of PPV-infected trees for more effective disease
        control.</subfield>
      </datafield>
      <datafield tag="593" ind1=" " ind2=" ">
         <subfield code="a">PubAg article</subfield>
      </datafield>
      <datafield tag="593" ind1=" " ind2=" ">
         <subfield code="c">USDA submission</subfield>
      </datafield>
      <datafield tag="650" ind1=" " ind2="3">
         <subfield code="a">Prunus persica</subfield>
      </datafield>
      <datafield tag="650" ind1=" " ind2="3">
         <subfield code="a">Plum pox virus</subfield>
      </datafield>
      <datafield tag="650" ind1=" " ind2="3">
         <subfield code="a">pathogenicity</subfield>
      </datafield>
      <datafield tag="650" ind1=" " ind2="3">
         <subfield code="a">disease incidence</subfield>
      </datafield>
      <datafield tag="650" ind1=" " ind2="3">
         <subfield code="a">disease resistance</subfield>
      </datafield>
      <datafield tag="650" ind1=" " ind2="3">
         <subfield code="a">orchards</subfield>
      </datafield>
      <datafield tag="650" ind1=" " ind2="3">
         <subfield code="a">spatial distribution</subfield>
      </datafield>
      <datafield tag="650" ind1=" " ind2="3">
         <subfield code="a">cultivars</subfield>
      </datafield>
      <datafield tag="650" ind1=" " ind2="3">
         <subfield code="a">genetic variation</subfield>
      </datafield>
      <datafield tag="650" ind1=" " ind2="3">
         <subfield code="a">statistical analysis</subfield>
      </datafield>
      <datafield tag="651" ind1=" " ind2="3">
         <subfield code="a">France</subfield>
      </datafield>
      <datafield tag="653" ind1=" " ind2="0">
         <subfield code="a">symptoms</subfield>
      </datafield>
      <datafield tag="653" ind1=" " ind2="0">
         <subfield code="a">disease spread</subfield>
      </datafield>
      <datafield tag="653" ind1=" " ind2="0">
         <subfield code="a">spatial statistics</subfield>
      </datafield>
      <datafield tag="700" ind1="1" ind2=" ">
         <subfield code="a">Gottwald, T.</subfield>
      </datafield>
      <datafield tag="700" ind1="1" ind2=" ">
         <subfield code="a">Labonne, G.</subfield>
      </datafield>
      <datafield tag="700" ind1="1" ind2=" ">
         <subfield code="a">Quiot, J.B.</subfield>
      </datafield>
      <datafield tag="773" ind1="0" ind2=" ">
         <subfield code="t">Phytopathology.</subfield>
         <subfield code="g">2003 Dec., v. 93, no. 12 p.1543-1552</subfield>
         <subfield code="x">0031-949X</subfield>
         <subfield code="7">nnas</subfield>
      </datafield>
      <datafield tag="787" ind1="1" ind2=" ">
         <subfield code="o">product_pubag</subfield>
      </datafield>
      <datafield tag="787" ind1="1" ind2=" ">
         <subfield code="o">islandora_article_repository</subfield>
      </datafield>
      <datafield tag="787" ind1="1" ind2=" ">
         <subfield code="o">islandora_pubag_with_text</subfield>
      </datafield>
      <datafield tag="787" ind1="1" ind2=" ">
         <subfield code="o">(Journal)jnl44575</subfield>
      </datafield>
      <datafield tag="852" ind1=" " ind2=" ">
         <subfield code="a">DNAL</subfield>
      </datafield>
      <datafield tag="856" ind1="4" ind2="0">
         <subfield code="u">http://dx.doi.org/10.1094/PHYTO.2003.93.12.1543</subfield>
         <subfield code="3">Available from publisher's Web site</subfield>
      </datafield>
      <datafield tag="856" ind1="4" ind2="0">
         <subfield code="u">https://handle.nal.usda.gov/10113/13514</subfield>
         <subfield code="3">Available in the National Agricultural Library PubAg search
        system</subfield>
      </datafield>
      <datafield tag="912" ind1=" " ind2=" ">
         <subfield code="a">Article</subfield>
      </datafield>
      <datafield tag="914" ind1=" " ind2=" ">
         <subfield code="a">Journal:jnl44575</subfield>
         <subfield code="b">0031-949X</subfield>
         <subfield code="c">93</subfield>
         <subfield code="d">12</subfield>
         <subfield code="e">1543</subfield>
      </datafield>
      <datafield tag="914" ind1=" " ind2=" ">
         <subfield code="f">Phytopathology</subfield>
      </datafield>
      <datafield tag="917" ind1=" " ind2=" ">
         <subfield code="a">issued</subfield>
      </datafield>
      <datafield tag="930" ind1=" " ind2=" ">
         <subfield code="a">20080422</subfield>
         <subfield code="b">20080502</subfield>
         <subfield code="c">00000000</subfield>
      </datafield>
      <datafield tag="935" ind1=" " ind2=" ">
         <subfield code="a">IND43639815</subfield>
         <subfield code="9">ExL</subfield>
      </datafield>
      <datafield tag="945" ind1=" " ind2=" ">
         <subfield code="a">IND</subfield>
         <subfield code="d">CMM</subfield>
         <subfield code="e">2004/12/28</subfield>
      </datafield>
      <datafield tag="946" ind1=" " ind2=" ">
         <subfield code="a">Other US</subfield>
      </datafield>
      <datafield tag="949" ind1=" " ind2=" ">
         <subfield code="a">2014-07-17</subfield>
      </datafield>
      <datafield tag="952" ind1=" " ind2=" ">
         <subfield code="a">20080422 20080502 00000000</subfield>
         <subfield code="b">IND CMM 2004/12/28</subfield>
      </datafield>
      <datafield tag="961" ind1=" " ind2=" ">
         <subfield code="a">USDA/ARS</subfield>
      </datafield>
      <datafield tag="974" ind1=" " ind2=" ">
         <subfield code="a">agid:13514</subfield>
      </datafield>
      <datafield tag="984" ind1=" " ind2=" ">
         <subfield code="a">2008-05-02</subfield>
      </datafield>
      <datafield tag="985" ind1=" " ind2=" ">
         <subfield code="a">Converted from MARCXML to MODS version 3.4 using MARC21slim2MODS3-4.xsl
        (Revision 1.95 2014/04/23)</subfield>
      </datafield>
      <datafield tag="986" ind1=" " ind2=" ">
         <subfield code="a">3639815</subfield>
      </datafield>
   </record>