
   <!--Record: 192-->
   <record>
      <leader>03468nab a2200529 u 4500</leader>
      <controlfield tag="001">9915968765807426</controlfield>
      <controlfield tag="005">20221120044332.0</controlfield>
      <controlfield tag="008">151023e200409 xx |||||o|||||||||||eng||</controlfield>
      <datafield tag="016" ind1="7" ind2=" ">
         <subfield code="a">IND604387062</subfield>
         <subfield code="2">DNAL</subfield>
      </datafield>
      <datafield tag="024" ind1="7" ind2=" ">
         <subfield code="a">10.1007/s00267-004-0039-4</subfield>
         <subfield code="2">doi</subfield>
      </datafield>
      <datafield tag="035" ind1=" " ind2=" ">
         <subfield code="a">agid:4387062-01nal_inst</subfield>
      </datafield>
      <datafield tag="040" ind1=" " ind2=" ">
         <subfield code="a">AGL</subfield>
         <subfield code="b">eng</subfield>
         <subfield code="c">AGL</subfield>
      </datafield>
      <datafield tag="100" ind1="1" ind2=" ">
         <subfield code="a">de Blois, Sylvie</subfield>
         <subfield code="e">author</subfield>
      </datafield>
      <datafield tag="245" ind1="1" ind2="0">
         <subfield code="a">Herbaceous Covers to Control Tree Invasion in Rights-of-Way: Ecological
        Concepts and Applications</subfield>
      </datafield>
      <datafield tag="300" ind1=" " ind2=" ">
         <subfield code="a">p. 606-619.</subfield>
      </datafield>
      <datafield tag="520" ind1=" " ind2=" ">
         <subfield code="a">In northeastern America, thousands of kilometers of utility rights-of-way
        (ROWs) have to be managed to prevent the establishment of a tall vegetation cover that does
        not comply with safety and maintenance regulations. Recent decades have seen the emergence
        of ecologically based vegetation control strategies to reduce environmental impacts as well
        as maintenance costs. One such strategy is to take advantage of competitive herbaceous
        covers to limit tree invasion. This approach, however, as well as its fundamental underlying
        principles, has been little scrutinized. In this article, (1) we present the main ecological
        concepts supporting the use of a herbaceous cover to limit tree invasion, emphasizing
        naturally forested ecosystems of northeastern America. They include reported evidence of
        stable plant communities and an overview of potential underlying mechanisms of inhibition.
        (2) We then review field applications, specifically testing the ability of seeded herbaceous
        covers to control tree invasion in ROWs. (3) We discuss unresolved issues relevant to
        management and research. The available evidence suggests that seeding herbaceous covers in
        ROWs can help control tree invasion, but many issues still limit broad-scale applications.
        The various interactions that govern plant community dynamics are far from being fully
        understood, so selecting species still largely depends on an empirical approach. Patterns of
        resistance to tree invasion must be investigated over a wide range of spatial, historical,
        and environmental contexts to determine effective management and seeding practices that will
        lead to broad-scale applications. We suggest establishing communities rather than single
        dominant species and using as much as possible native species to limit risks of
        invasion.</subfield>
      </datafield>
      <datafield tag="592" ind1=" " ind2=" ">
         <subfield code="a">Publisher supplied data</subfield>
      </datafield>
      <datafield tag="593" ind1=" " ind2=" ">
         <subfield code="a">PubAg article</subfield>
      </datafield>
      <datafield tag="650" ind1=" " ind2="3">
         <subfield code="a">ecosystems</subfield>
      </datafield>
      <datafield tag="650" ind1=" " ind2="3">
         <subfield code="a">environmental impact</subfield>
      </datafield>
      <datafield tag="650" ind1=" " ind2="3">
         <subfield code="a">indigenous species</subfield>
      </datafield>
      <datafield tag="650" ind1=" " ind2="3">
         <subfield code="a">plant communities</subfield>
      </datafield>
      <datafield tag="650" ind1=" " ind2="3">
         <subfield code="a">rights of way</subfield>
      </datafield>
      <datafield tag="650" ind1=" " ind2="3">
         <subfield code="a">risk</subfield>
      </datafield>
      <datafield tag="650" ind1=" " ind2="3">
         <subfield code="a">sowing</subfield>
      </datafield>
      <datafield tag="650" ind1=" " ind2="3">
         <subfield code="a">trees</subfield>
      </datafield>
      <datafield tag="650" ind1=" " ind2="3">
         <subfield code="a">vegetation cover</subfield>
      </datafield>
      <datafield tag="700" ind1="1" ind2=" ">
         <subfield code="a">Brisson, Jacques</subfield>
         <subfield code="e">author</subfield>
      </datafield>
      <datafield tag="700" ind1="1" ind2=" ">
         <subfield code="a">Bouchard, André</subfield>
         <subfield code="e">author</subfield>
      </datafield>
      <datafield tag="773" ind1="0" ind2=" ">
         <subfield code="t">Environmental management.</subfield>
         <subfield code="g">2004 Sept., v. 33, no. 5 p.606-619</subfield>
         <subfield code="d">Springer-Verlag</subfield>
         <subfield code="x">0364-152X</subfield>
         <subfield code="7">nnas</subfield>
      </datafield>
      <datafield tag="787" ind1="1" ind2=" ">
         <subfield code="o">islandora_article_repository</subfield>
      </datafield>
      <datafield tag="787" ind1="1" ind2=" ">
         <subfield code="o">product_pubag</subfield>
      </datafield>
      <datafield tag="787" ind1="1" ind2=" ">
         <subfield code="o">(Journal)jnl8014</subfield>
      </datafield>
      <datafield tag="856" ind1="4" ind2="0">
         <subfield code="u">http://dx.doi.org/10.1007/s00267-004-0039-4</subfield>
         <subfield code="3">Available from publisher's site</subfield>
      </datafield>
      <datafield tag="912" ind1=" " ind2=" ">
         <subfield code="a">Article</subfield>
      </datafield>
      <datafield tag="914" ind1=" " ind2=" ">
         <subfield code="a">Journal:jnl8014</subfield>
         <subfield code="b">0364-152X</subfield>
         <subfield code="c">33</subfield>
         <subfield code="d">5</subfield>
         <subfield code="e">606</subfield>
      </datafield>
      <datafield tag="914" ind1=" " ind2=" ">
         <subfield code="f">Environmental management</subfield>
      </datafield>
      <datafield tag="916" ind1=" " ind2=" ">
         <subfield code="a">Batch:1136</subfield>
      </datafield>
      <datafield tag="917" ind1=" " ind2=" ">
         <subfield code="a">issued</subfield>
      </datafield>
      <datafield tag="918" ind1="2" ind2=" ">
         <subfield code="a">Springer</subfield>
         <subfield code="e">provider</subfield>
         <subfield code="5">DNAL</subfield>
      </datafield>
      <datafield tag="935" ind1=" " ind2=" ">
         <subfield code="a">IND604387062</subfield>
         <subfield code="9">ExL</subfield>
      </datafield>
      <datafield tag="949" ind1=" " ind2=" ">
         <subfield code="a">2015-11-24</subfield>
      </datafield>
      <datafield tag="953" ind1=" " ind2=" ">
         <subfield code="a">ftp_PUB_15-10-05_19-06-59.zip</subfield>
      </datafield>
      <datafield tag="962" ind1=" " ind2=" ">
         <subfield code="a">Batch:1136 reviewed on 2015-11-24T10:37:18Z</subfield>
      </datafield>
      <datafield tag="974" ind1=" " ind2=" ">
         <subfield code="a">agid:4387062</subfield>
      </datafield>
      <datafield tag="983" ind1=" " ind2=" ">
         <subfield code="a">2015-10-23</subfield>
      </datafield>
      <datafield tag="984" ind1=" " ind2=" ">
         <subfield code="a">2015-11-24</subfield>
      </datafield>
   </record>