
   <!--Record: 194-->
   <record>
      <leader>03882nab a2200589 u 4500</leader>
      <controlfield tag="001">9915968949607426</controlfield>
      <controlfield tag="005">20221120231800.0</controlfield>
      <controlfield tag="008">151123e201512 xx |||||o|||||||||||eng||</controlfield>
      <datafield tag="016" ind1="7" ind2=" ">
         <subfield code="a">IND604658521</subfield>
         <subfield code="2">DNAL</subfield>
      </datafield>
      <datafield tag="024" ind1="7" ind2=" ">
         <subfield code="a">10.1111/boj.12350</subfield>
         <subfield code="2">doi</subfield>
      </datafield>
      <datafield tag="035" ind1=" " ind2=" ">
         <subfield code="a">agid:4658521-01nal_inst</subfield>
      </datafield>
      <datafield tag="040" ind1=" " ind2=" ">
         <subfield code="a">AGL</subfield>
         <subfield code="b">eng</subfield>
         <subfield code="c">AGL</subfield>
      </datafield>
      <datafield tag="100" ind1="1" ind2=" ">
         <subfield code="a">Berjano, Regina</subfield>
         <subfield code="e">author</subfield>
         <subfield code="u">Departamento de Biología Vegetal y Ecología, Facultad de Biología,
        Universidad de Sevilla, Apdo. 1095, 41080, Sevilla, Spain</subfield>
      </datafield>
      <datafield tag="245" ind1="1" ind2="0">
         <subfield code="a">Phylogeography reveals latitudinal population structure in the common herb
        Plantago coronopus</subfield>
      </datafield>
      <datafield tag="300" ind1=" " ind2=" ">
         <subfield code="a">p. 618-634.</subfield>
      </datafield>
      <datafield tag="520" ind1=" " ind2=" ">
         <subfield code="a">The increase in gene diversity from high to low latitudes is a widely
        recognized biogeographical pattern, often shaped by differential effects of Late Quaternary
        climatic changes. Here, we evaluate the effects of Pleistocene climatic changes from
        northern Europe to North Africa and their implications on the population differentiation of
        the widespread, short‐lived herb Plantago coronopus. We used amplified fragment length
        polymorphism to investigate the population structure and phylogeography of P. coronopus in
        273 individuals from 29 populations covering its complete latitudinal range. Although
        Bayesian clustering, principal coordinates analysis and a consensus UPGMA tree were not
        fully congruent, two well‐supported clades, associated with distinct latitudinal zones
        (northern Europe and the Mediterranean region), were revealed as a general pattern.
        Moreover, populations from the western Atlantic edge and, to a lesser extent, the central
        Mediterranean region exhibited signs of admixture, suggesting secondary contacts. The
        admixed populations in the western Atlantic and central Mediterranean are geographically
        intermediate between the northern and southern lineages. The northernmost lineage exhibited
        low genetic diversity, a clear sign of a recent colonization. In contrast, populations from
        the southernmost part of the range showed the highest level of genetic diversity, indicating
        possible refugia for the species during the Quaternary ice ages. Overall, our study allows
        spatial structure of the genetic variation of a widespread herb across its latitudinal range
        to be disentangled and provides insights into how past climatic history influences present
        genetic patterns. © 2015 The Linnean Society of London, Botanical Journal of the Linnean
        Society, 2015, 179, 618–634.</subfield>
      </datafield>
      <datafield tag="592" ind1=" " ind2=" ">
         <subfield code="a">Publisher supplied data</subfield>
      </datafield>
      <datafield tag="593" ind1=" " ind2=" ">
         <subfield code="a">PubAg article</subfield>
      </datafield>
      <datafield tag="650" ind1=" " ind2="3">
         <subfield code="a">Plantago coronopus</subfield>
      </datafield>
      <datafield tag="650" ind1=" " ind2="3">
         <subfield code="a">amplified fragment length polymorphism</subfield>
      </datafield>
      <datafield tag="650" ind1=" " ind2="3">
         <subfield code="a">climate change</subfield>
      </datafield>
      <datafield tag="650" ind1=" " ind2="3">
         <subfield code="a">genes</subfield>
      </datafield>
      <datafield tag="650" ind1=" " ind2="3">
         <subfield code="a">genetic variation</subfield>
      </datafield>
      <datafield tag="650" ind1=" " ind2="3">
         <subfield code="a">latitude</subfield>
      </datafield>
      <datafield tag="650" ind1=" " ind2="3">
         <subfield code="a">multidimensional scaling</subfield>
      </datafield>
      <datafield tag="650" ind1=" " ind2="3">
         <subfield code="a">phylogeography</subfield>
      </datafield>
      <datafield tag="650" ind1=" " ind2="3">
         <subfield code="a">population structure</subfield>
      </datafield>
      <datafield tag="650" ind1=" " ind2="3">
         <subfield code="a">refuge habitats</subfield>
      </datafield>
      <datafield tag="651" ind1=" " ind2="3">
         <subfield code="a">Mediterranean region</subfield>
      </datafield>
      <datafield tag="651" ind1=" " ind2="3">
         <subfield code="a">Northern Africa</subfield>
      </datafield>
      <datafield tag="651" ind1=" " ind2="3">
         <subfield code="a">Northern European region</subfield>
      </datafield>
      <datafield tag="700" ind1="1" ind2=" ">
         <subfield code="a">Villellas, Jesús</subfield>
         <subfield code="e">author</subfield>
      </datafield>
      <datafield tag="700" ind1="1" ind2=" ">
         <subfield code="a">García, María B.</subfield>
         <subfield code="e">author</subfield>
      </datafield>
      <datafield tag="700" ind1="1" ind2=" ">
         <subfield code="a">Terrab, Anass</subfield>
         <subfield code="e">author</subfield>
      </datafield>
      <datafield tag="773" ind1="0" ind2=" ">
         <subfield code="t">Botanical journal of the Linnean Society.</subfield>
         <subfield code="g">2015 Dec., v. 179, no. 4 p.618-634</subfield>
         <subfield code="d">Academic Press.</subfield>
         <subfield code="x">0024-4074</subfield>
         <subfield code="7">nnas</subfield>
      </datafield>
      <datafield tag="787" ind1="1" ind2=" ">
         <subfield code="o">islandora_article_repository</subfield>
      </datafield>
      <datafield tag="787" ind1="1" ind2=" ">
         <subfield code="o">product_pubag</subfield>
      </datafield>
      <datafield tag="787" ind1="1" ind2=" ">
         <subfield code="o">(Journal)jnl786</subfield>
      </datafield>
      <datafield tag="856" ind1="4" ind2="0">
         <subfield code="u">http://dx.doi.org/10.1111/boj.12350</subfield>
         <subfield code="3">Available from publisher's site</subfield>
      </datafield>
      <datafield tag="912" ind1=" " ind2=" ">
         <subfield code="a">Article</subfield>
      </datafield>
      <datafield tag="914" ind1=" " ind2=" ">
         <subfield code="a">Journal:jnl786</subfield>
         <subfield code="b">0024-4074</subfield>
         <subfield code="c">179</subfield>
         <subfield code="d">4</subfield>
         <subfield code="e">618</subfield>
      </datafield>
      <datafield tag="914" ind1=" " ind2=" ">
         <subfield code="f">Botanical journal of the Linnean Society</subfield>
      </datafield>
      <datafield tag="916" ind1=" " ind2=" ">
         <subfield code="a">Batch:1270</subfield>
      </datafield>
      <datafield tag="917" ind1=" " ind2=" ">
         <subfield code="a">issued</subfield>
      </datafield>
      <datafield tag="918" ind1="2" ind2=" ">
         <subfield code="a">John Wiley &amp; Sons, Inc</subfield>
         <subfield code="e">provider</subfield>
         <subfield code="5">DNAL</subfield>
      </datafield>
      <datafield tag="935" ind1=" " ind2=" ">
         <subfield code="a">IND604658521</subfield>
         <subfield code="9">ExL</subfield>
      </datafield>
      <datafield tag="949" ind1=" " ind2=" ">
         <subfield code="a">2016-04-14</subfield>
      </datafield>
      <datafield tag="953" ind1=" " ind2=" ">
         <subfield code="a">00244074_2015_179_4.xml</subfield>
      </datafield>
      <datafield tag="962" ind1=" " ind2=" ">
         <subfield code="a">Batch:1270 reviewed on 2016-04-14T04:00:02Z</subfield>
      </datafield>
      <datafield tag="974" ind1=" " ind2=" ">
         <subfield code="a">agid:4658521</subfield>
      </datafield>
      <datafield tag="983" ind1=" " ind2=" ">
         <subfield code="a">2015-11-23</subfield>
      </datafield>
      <datafield tag="984" ind1=" " ind2=" ">
         <subfield code="a">2016-04-14</subfield>
      </datafield>
   </record>