
   <!--Record: 195-->
   <record>
      <leader>05811nab a2200757 u 4500</leader>
      <controlfield tag="001">9915969305707426</controlfield>
      <controlfield tag="005">20221121034400.0</controlfield>
      <controlfield tag="008">200601e20180924xx |||||o|||||||||||eng||</controlfield>
      <datafield tag="016" ind1="7" ind2=" ">
         <subfield code="a">IND606106793</subfield>
         <subfield code="2">DNAL</subfield>
      </datafield>
      <datafield tag="024" ind1="7" ind2=" ">
         <subfield code="a">10.1016/j.ecolmodel.2018.06.028</subfield>
         <subfield code="2">doi</subfield>
      </datafield>
      <datafield tag="035" ind1=" " ind2=" ">
         <subfield code="a">agid:6106793-01nal_inst</subfield>
      </datafield>
      <datafield tag="040" ind1=" " ind2=" ">
         <subfield code="a">AGL</subfield>
         <subfield code="b">eng</subfield>
         <subfield code="c">AGL</subfield>
      </datafield>
      <datafield tag="100" ind1="1" ind2=" ">
         <subfield code="a">Greig, Clara</subfield>
         <subfield code="e">author</subfield>
         <subfield code="u">Department of Geography and Environmental Studies, Wilfrid Laurier
        University, 75 University Ave. West, Waterloo, ON, N2L 3C5, Canada</subfield>
      </datafield>
      <datafield tag="245" ind1="1" ind2="0">
         <subfield code="a">Spectral-temporal modelling of bamboo-dominated forest succession in the
        Atlantic Forest of Southern Brazil</subfield>
      </datafield>
      <datafield tag="300" ind1=" " ind2=" ">
         <subfield code="a">p. 316-332.</subfield>
      </datafield>
      <datafield tag="520" ind1=" " ind2=" ">
         <subfield code="a">With access to collections of continuous satellite imagery over a 40-year
        period, spectral-temporal patterns extracted from multi-temporal imagery offer a potential
        new tool to model mechanisms of forest succession and monitor changes in forested
        landscapes. Specifically, spectral-temporal trajectories associated with successional forest
        change occurring over prolonged periods of time may enhance periodic ‘snapshot’ monitoring
        methods, especially for species that exhibit complex and non-linear dynamics. In this paper,
        Landsat time-series are used to examine the spectral-temporal signatures of bamboo-dominated
        forest succession occurring within the critically threatened Araucaria Forest, a
        pine-dominated subtype of the Atlantic Forest in southern Brazil. Alteration of canopy
        structure through ongoing anthropogenic disturbance has increased understorey light climate
        and given opportunity for native invasive bamboos to flourish, resulting in drastic
        reduction of tree regeneration and loss of biodiversity. We aimed to evaluate how
        spectral-temporal signatures could be used to (1) characterize stages of bamboo-dominated
        forest succession, (2) identify synchrony of bamboo lifecycle dynamics and (3) classify
        regions of bamboo-dominated forest. Changepoint analysis was performed using an extracted
        sample spectral-temporal signature and trajectories were fit to the resulting segments using
        linear regression. Based on slope values of the fitted segments, a novel description
        incorporating temporal information of bamboo-dominated forest succession was developed which
        identified four broad phases: pioneer predominance, mature bamboo, dieback and pioneer
        regeneration. To determine the spatial and temporal synchrony of bamboo-dominated forest
        succession, a hybrid model was developed by combining the modelled segments and compared to
        a 32-year Landsat time-series of vegetation indices by calculating root-mean square error
        between each pixel in the study area. The hybrid model proficiently classified regions of
        bamboo-dominance, achieving between 77% and 90% accuracy, which also indicated lifecycle
        synchrony of bamboo populations within the study area. To further assess the performance of
        the hybrid model, a time-weighted dynamic time warping model approach was used to determine
        synchrony and classify regions of bamboo. The time-weighted dynamic time warping classifier
        had lower overall accuracy (68%–82%), but is still considered a useful tool for automated
        classification purposes that take advantage of multi-temporal imagery. To compare
        classification performance between ‘snapshot’ and multi-temporal imagery classifiers, a
        maximum-likelihood classification was performed, which attained lower overall accuracies
        than the hybrid model (75%–84%). Overall, the use of spectral-temporal signatures offers a
        novel and effective approach to both describing and modelling bamboo-dominated forest
        succession (and forest successional processes more generally) on a
        landscape-scale.</subfield>
      </datafield>
      <datafield tag="592" ind1=" " ind2=" ">
         <subfield code="a">Publisher supplied data</subfield>
      </datafield>
      <datafield tag="593" ind1=" " ind2=" ">
         <subfield code="a">PubAg article</subfield>
      </datafield>
      <datafield tag="650" ind1=" " ind2="3">
         <subfield code="a">Araucaria</subfield>
      </datafield>
      <datafield tag="650" ind1=" " ind2="3">
         <subfield code="a">Landsat</subfield>
      </datafield>
      <datafield tag="650" ind1=" " ind2="3">
         <subfield code="a">anthropogenic activities</subfield>
      </datafield>
      <datafield tag="650" ind1=" " ind2="3">
         <subfield code="a">automation</subfield>
      </datafield>
      <datafield tag="650" ind1=" " ind2="3">
         <subfield code="a">bamboos</subfield>
      </datafield>
      <datafield tag="650" ind1=" " ind2="3">
         <subfield code="a">biodiversity</subfield>
      </datafield>
      <datafield tag="650" ind1=" " ind2="3">
         <subfield code="a">canopy</subfield>
      </datafield>
      <datafield tag="650" ind1=" " ind2="3">
         <subfield code="a">climate</subfield>
      </datafield>
      <datafield tag="650" ind1=" " ind2="3">
         <subfield code="a">dieback</subfield>
      </datafield>
      <datafield tag="650" ind1=" " ind2="3">
         <subfield code="a">forest succession</subfield>
      </datafield>
      <datafield tag="650" ind1=" " ind2="3">
         <subfield code="a">forests</subfield>
      </datafield>
      <datafield tag="650" ind1=" " ind2="3">
         <subfield code="a">indigenous species</subfield>
      </datafield>
      <datafield tag="650" ind1=" " ind2="3">
         <subfield code="a">landscapes</subfield>
      </datafield>
      <datafield tag="650" ind1=" " ind2="3">
         <subfield code="a">models</subfield>
      </datafield>
      <datafield tag="650" ind1=" " ind2="3">
         <subfield code="a">monitoring</subfield>
      </datafield>
      <datafield tag="650" ind1=" " ind2="3">
         <subfield code="a">regression analysis</subfield>
      </datafield>
      <datafield tag="650" ind1=" " ind2="3">
         <subfield code="a">remote sensing</subfield>
      </datafield>
      <datafield tag="650" ind1=" " ind2="3">
         <subfield code="a">time series analysis</subfield>
      </datafield>
      <datafield tag="650" ind1=" " ind2="3">
         <subfield code="a">trees</subfield>
      </datafield>
      <datafield tag="650" ind1=" " ind2="3">
         <subfield code="a">understory</subfield>
      </datafield>
      <datafield tag="650" ind1=" " ind2="3">
         <subfield code="a">vegetation index</subfield>
      </datafield>
      <datafield tag="651" ind1=" " ind2="3">
         <subfield code="a">Brazil</subfield>
      </datafield>
      <datafield tag="653" ind1=" " ind2="0">
         <subfield code="a">Landsat time-series</subfield>
      </datafield>
      <datafield tag="653" ind1=" " ind2="0">
         <subfield code="a">Spectral-temporal modelling</subfield>
      </datafield>
      <datafield tag="653" ind1=" " ind2="0">
         <subfield code="a">Bamboo</subfield>
      </datafield>
      <datafield tag="653" ind1=" " ind2="0">
         <subfield code="a">Succession</subfield>
      </datafield>
      <datafield tag="653" ind1=" " ind2="0">
         <subfield code="a">Atlantic Forest</subfield>
      </datafield>
      <datafield tag="700" ind1="1" ind2=" ">
         <subfield code="a">Robertson, Colin</subfield>
         <subfield code="e">author</subfield>
         <subfield code="u">Department of Geography and Environmental Studies, Wilfrid Laurier
        University, 75 University Ave. West, Waterloo, ON, N2L 3C5, Canada</subfield>
      </datafield>
      <datafield tag="700" ind1="1" ind2=" ">
         <subfield code="a">Lacerda, André E.B.</subfield>
         <subfield code="e">author</subfield>
         <subfield code="u">EMBRAPA Forestry – Brazilian Agriculture Research Corporation, Estrada da
        Ribeira, km 111, Caixa Postal 319, 83411-000, Colombo, PR, Brazil</subfield>
      </datafield>
      <datafield tag="773" ind1="0" ind2=" ">
         <subfield code="t">Ecological modelling.</subfield>
         <subfield code="g">2018 Sept. 24, v. 384 p.316-332</subfield>
         <subfield code="d">Elsevier B.V.</subfield>
         <subfield code="w">Journal:jnl6191</subfield>
         <subfield code="x">0304-3800</subfield>
         <subfield code="7">nnas</subfield>
      </datafield>
      <datafield tag="787" ind1="1" ind2=" ">
         <subfield code="o">islandora_article_repository</subfield>
      </datafield>
      <datafield tag="787" ind1="1" ind2=" ">
         <subfield code="o">product_pubag</subfield>
      </datafield>
      <datafield tag="787" ind1="1" ind2=" ">
         <subfield code="o">(Journal)jnl6191</subfield>
      </datafield>
      <datafield tag="856" ind1="4" ind2="0">
         <subfield code="u">https://dx.doi.org/10.1016/j.ecolmodel.2018.06.028</subfield>
         <subfield code="3">Available from publisher's site</subfield>
      </datafield>
      <datafield tag="912" ind1=" " ind2=" ">
         <subfield code="a">Article</subfield>
      </datafield>
      <datafield tag="914" ind1=" " ind2=" ">
         <subfield code="a">Journal:jnl6191</subfield>
         <subfield code="b">0304-3800</subfield>
         <subfield code="c">384</subfield>
         <subfield code="e">316</subfield>
      </datafield>
      <datafield tag="914" ind1=" " ind2=" ">
         <subfield code="f">Ecological modelling</subfield>
      </datafield>
      <datafield tag="916" ind1=" " ind2=" ">
         <subfield code="a">Batch:2099</subfield>
      </datafield>
      <datafield tag="917" ind1=" " ind2=" ">
         <subfield code="a">issued</subfield>
      </datafield>
      <datafield tag="918" ind1="2" ind2=" ">
         <subfield code="a">Elsevier Consyn</subfield>
         <subfield code="e">provider</subfield>
         <subfield code="5">DNAL</subfield>
      </datafield>
      <datafield tag="935" ind1=" " ind2=" ">
         <subfield code="a">IND606106793</subfield>
         <subfield code="9">ExL</subfield>
      </datafield>
      <datafield tag="949" ind1=" " ind2=" ">
         <subfield code="a">2019-06-28</subfield>
      </datafield>
      <datafield tag="953" ind1=" " ind2=" ">
         <subfield code="a">/data/metadata/incoming/consyn/181312169130961219-00002-HEAD-ONLY-NEW
        CONSYN ISSNS.zip</subfield>
      </datafield>
      <datafield tag="954" ind1=" " ind2=" ">
         <subfield code="a">file:/data/metadata/staging/consyn/S0304380018302333.xml</subfield>
      </datafield>
      <datafield tag="955" ind1=" " ind2=" ">
         <subfield code="a">/data/metadata/staging/consyn/</subfield>
      </datafield>
      <datafield tag="974" ind1=" " ind2=" ">
         <subfield code="a">agid:6106793</subfield>
      </datafield>
      <datafield tag="983" ind1=" " ind2=" ">
         <subfield code="a">2020-06-01</subfield>
      </datafield>
      <datafield tag="984" ind1=" " ind2=" ">
         <subfield code="a">2020-06-01</subfield>
      </datafield>
   </record>