
   <!--Record: 196-->
   <record>
      <leader>04833nab a2200709 u 4500</leader>
      <controlfield tag="001">9915969599207426</controlfield>
      <controlfield tag="005">20221120045912.0</controlfield>
      <controlfield tag="008">180619e201712 xx |||||o|||||||||||eng||</controlfield>
      <datafield tag="016" ind1="7" ind2=" ">
         <subfield code="a">IND605943168</subfield>
         <subfield code="2">DNAL</subfield>
      </datafield>
      <datafield tag="024" ind1="7" ind2=" ">
         <subfield code="a">10.3161/15081109ACC2017.19.2.007</subfield>
         <subfield code="2">doi</subfield>
      </datafield>
      <datafield tag="035" ind1=" " ind2=" ">
         <subfield code="a">agid:5943168-01nal_inst</subfield>
      </datafield>
      <datafield tag="040" ind1=" " ind2=" ">
         <subfield code="a">AGL</subfield>
         <subfield code="b">eng</subfield>
         <subfield code="c">AGL</subfield>
      </datafield>
      <datafield tag="100" ind1="1" ind2=" ">
         <subfield code="a">Duya, Mariano Roy</subfield>
         <subfield code="e">author</subfield>
         <subfield code="u">Diliman Science Research Foundation Inc., Biodiversity Research Laboratory,
        Institute of Biology, University of the Philippines, Diliman, Philippines</subfield>
      </datafield>
      <datafield tag="245" ind1="1" ind2="0">
         <subfield code="a">Spatial Heterogeneity of Fruit Bats in a Primary Tropical Lowland Evergreen
        Rainforest in Northeastern Luzon, Philippines</subfield>
      </datafield>
      <datafield tag="300" ind1=" " ind2=" ">
         <subfield code="a">p. 305-318.</subfield>
      </datafield>
      <datafield tag="520" ind1=" " ind2=" ">
         <subfield code="a">In the Philippines, little is known beyond the most basic information on
        the ecology and biogeography of fruit bats. This is aggravated by the increasing risks on
        their populations, particularly in primary lowland forests, the most threatened habitat in
        the country, which these species inhabit and also where chiropteran diversity is highest. In
        this study, the spatial heterogeneity of fruit bats within a primary lowland forest in
        Palanan, Isabela, northeastern Luzon was investigated. In addition, habitat partitioning
        patterns were compared with wing morphology variations. Mist nets were used to sample two
        vertical strata and three forest landscapes. Wing loading and aspect ratio were measured for
        all species captured. A total of 1,243 fruit bats representing eight species were caught
        from a sampling effort of 398,736 m²·h. All species were captured in the canopy, while only
        six species were captured in the understory. All species were also captured along ridges and
        forest edges, while only seven were captured along streams. Based on permutational MANOVA, a
        significant difference was found between the species assemblages in the understory and
        canopy, but not among ridges, streams, and forest edges. At the population level,
        Kruskal-Wallis tests were performed on capture rates per species. All eight species
        exhibited strong preference for the canopy, while only two species were observed to have
        significantly different capture rates across forest landscapes. Wing morphology patterns
        based on wing loading and aspect ratio did not show consistent association with vertical
        strata preference. The varying capture rates of bats along ridges, streams and forest edges
        may have been influenced by their feeding behavior. This study demonstrates the spatial
        heterogeneity of fruit bats across vertical strata and across forest landscapes, the most
        significant of which is the preference for the canopy. Possible factors that could explain
        these patterns include fruit availability, a cluttered habitat, and tree species
        distribution, which should be assessed in future studies.</subfield>
      </datafield>
      <datafield tag="592" ind1=" " ind2=" ">
         <subfield code="a">Publisher supplied data</subfield>
      </datafield>
      <datafield tag="593" ind1=" " ind2=" ">
         <subfield code="a">PubAg article</subfield>
      </datafield>
      <datafield tag="650" ind1=" " ind2="3">
         <subfield code="a">Chiroptera</subfield>
      </datafield>
      <datafield tag="650" ind1=" " ind2="3">
         <subfield code="a">biogeography</subfield>
      </datafield>
      <datafield tag="650" ind1=" " ind2="3">
         <subfield code="a">canopy</subfield>
      </datafield>
      <datafield tag="650" ind1=" " ind2="3">
         <subfield code="a">edge effects</subfield>
      </datafield>
      <datafield tag="650" ind1=" " ind2="3">
         <subfield code="a">feeding behavior</subfield>
      </datafield>
      <datafield tag="650" ind1=" " ind2="3">
         <subfield code="a">fruits</subfield>
      </datafield>
      <datafield tag="650" ind1=" " ind2="3">
         <subfield code="a">habitats</subfield>
      </datafield>
      <datafield tag="650" ind1=" " ind2="3">
         <subfield code="a">landscapes</subfield>
      </datafield>
      <datafield tag="650" ind1=" " ind2="3">
         <subfield code="a">lowland forests</subfield>
      </datafield>
      <datafield tag="650" ind1=" " ind2="3">
         <subfield code="a">nets (equipment)</subfield>
      </datafield>
      <datafield tag="650" ind1=" " ind2="3">
         <subfield code="a">rain forests</subfield>
      </datafield>
      <datafield tag="650" ind1=" " ind2="3">
         <subfield code="a">risk</subfield>
      </datafield>
      <datafield tag="650" ind1=" " ind2="3">
         <subfield code="a">spatial variation</subfield>
      </datafield>
      <datafield tag="650" ind1=" " ind2="3">
         <subfield code="a">streams</subfield>
      </datafield>
      <datafield tag="650" ind1=" " ind2="3">
         <subfield code="a">trees</subfield>
      </datafield>
      <datafield tag="650" ind1=" " ind2="3">
         <subfield code="a">understory</subfield>
      </datafield>
      <datafield tag="651" ind1=" " ind2="3">
         <subfield code="a">Philippines</subfield>
      </datafield>
      <datafield tag="653" ind1=" " ind2="0">
         <subfield code="a">Pteropodidae</subfield>
      </datafield>
      <datafield tag="653" ind1=" " ind2="0">
         <subfield code="a">Philippines</subfield>
      </datafield>
      <datafield tag="653" ind1=" " ind2="0">
         <subfield code="a">landscape ecology</subfield>
      </datafield>
      <datafield tag="653" ind1=" " ind2="0">
         <subfield code="a">vertical stratification</subfield>
      </datafield>
      <datafield tag="653" ind1=" " ind2="0">
         <subfield code="a">habitat partitioning</subfield>
      </datafield>
      <datafield tag="700" ind1="1" ind2=" ">
         <subfield code="a">Fidelino, Jay</subfield>
         <subfield code="e">author</subfield>
         <subfield code="u">Diliman Science Research Foundation Inc., Biodiversity Research Laboratory,
        Institute of Biology, University of the Philippines, Diliman, Philippines</subfield>
      </datafield>
      <datafield tag="700" ind1="1" ind2=" ">
         <subfield code="a">Ong, Perry</subfield>
         <subfield code="e">author</subfield>
         <subfield code="u">Diliman Science Research Foundation Inc., Biodiversity Research Laboratory,
        Institute of Biology, University of the Philippines, Diliman, Philippines</subfield>
      </datafield>
      <datafield tag="773" ind1="0" ind2=" ">
         <subfield code="t">Acta chiropterologica.</subfield>
         <subfield code="g">2017 Dec., v. 19, no. 2 p.305-318</subfield>
         <subfield code="d">Museum and Institute of Zoology at the Polish Academy of Science</subfield>
         <subfield code="w">Journal:2176</subfield>
         <subfield code="x">1733-5329</subfield>
         <subfield code="7">nnas</subfield>
      </datafield>
      <datafield tag="787" ind1="1" ind2=" ">
         <subfield code="o">islandora_article_repository</subfield>
      </datafield>
      <datafield tag="787" ind1="1" ind2=" ">
         <subfield code="o">product_pubag</subfield>
      </datafield>
      <datafield tag="787" ind1="1" ind2=" ">
         <subfield code="o">(Journal)2176</subfield>
      </datafield>
      <datafield tag="856" ind1="4" ind2="0">
         <subfield code="u">https://dx.doi.org/10.3161/15081109ACC2017.19.2.007</subfield>
         <subfield code="3">Available from publisher's site</subfield>
      </datafield>
      <datafield tag="912" ind1=" " ind2=" ">
         <subfield code="a">Article</subfield>
      </datafield>
      <datafield tag="914" ind1=" " ind2=" ">
         <subfield code="a">Journal:2176</subfield>
         <subfield code="b">1733-5329</subfield>
         <subfield code="c">19</subfield>
         <subfield code="d">2</subfield>
         <subfield code="e">305</subfield>
      </datafield>
      <datafield tag="914" ind1=" " ind2=" ">
         <subfield code="f">Acta chiropterologica</subfield>
      </datafield>
      <datafield tag="916" ind1=" " ind2=" ">
         <subfield code="a">Batch:1993</subfield>
      </datafield>
      <datafield tag="917" ind1=" " ind2=" ">
         <subfield code="a">issued</subfield>
      </datafield>
      <datafield tag="918" ind1="2" ind2=" ">
         <subfield code="a">BioOne</subfield>
         <subfield code="e">provider</subfield>
         <subfield code="5">DNAL</subfield>
      </datafield>
      <datafield tag="935" ind1=" " ind2=" ">
         <subfield code="a">IND605943168</subfield>
         <subfield code="9">ExL</subfield>
      </datafield>
      <datafield tag="949" ind1=" " ind2=" ">
         <subfield code="a">2018-07-03</subfield>
      </datafield>
      <datafield tag="953" ind1=" " ind2=" ">
         <subfield code="a">/data/metadata/incoming/bioone/ACTAv19i2-01190239-829395.zip</subfield>
      </datafield>
      <datafield tag="954" ind1=" " ind2=" ">
         <subfield code="a">file:/data/metadata/staging/bioone/15081109acc2017.19.2.007.xml</subfield>
      </datafield>
      <datafield tag="955" ind1=" " ind2=" ">
         <subfield code="a">/data/metadata/staging/bioone/</subfield>
      </datafield>
      <datafield tag="962" ind1=" " ind2=" ">
         <subfield code="a">Batch:1993 reviewed on 2018-07-03T12:00:03Z</subfield>
      </datafield>
      <datafield tag="974" ind1=" " ind2=" ">
         <subfield code="a">agid:5943168</subfield>
      </datafield>
      <datafield tag="983" ind1=" " ind2=" ">
         <subfield code="a">2018-06-19</subfield>
      </datafield>
      <datafield tag="984" ind1=" " ind2=" ">
         <subfield code="a">2018-07-03</subfield>
      </datafield>
   </record>