
   <!--Record: 198-->
   <record>
      <leader>06834nab a2200745 u 4500</leader>
      <controlfield tag="001">9915969876307426</controlfield>
      <controlfield tag="005">20221121123604.0</controlfield>
      <controlfield tag="008">170325e20170304xx |||||o|||||||||||eng||</controlfield>
      <datafield tag="016" ind1="7" ind2=" ">
         <subfield code="a">IND605656770</subfield>
         <subfield code="2">DNAL</subfield>
      </datafield>
      <datafield tag="024" ind1="7" ind2=" ">
         <subfield code="a">10.1080/15481603.2017.1286728</subfield>
         <subfield code="2">doi</subfield>
      </datafield>
      <datafield tag="035" ind1=" " ind2=" ">
         <subfield code="a">agid:5656770-01nal_inst</subfield>
      </datafield>
      <datafield tag="040" ind1=" " ind2=" ">
         <subfield code="a">AGL</subfield>
         <subfield code="b">eng</subfield>
         <subfield code="c">AGL</subfield>
      </datafield>
      <datafield tag="100" ind1="1" ind2=" ">
         <subfield code="a">Tadesse, Tsegaye</subfield>
         <subfield code="e">author</subfield>
         <subfield code="u">National Drought Mitigation Center, School of Natural Resources, University
        of Nebraska-Lincoln, 816 Hardin Hall, 3310 Holdrege Street, P.O. Box 830988, Lincoln,
        Nebraska68583-0988, 68588, U.S.A.</subfield>
      </datafield>
      <datafield tag="245" ind1="1" ind2="0">
         <subfield code="a">Building the vegetation drought response index for Canada (VegDRI-Canada)
        to monitor agricultural drought: first results</subfield>
      </datafield>
      <datafield tag="300" ind1=" " ind2=" ">
         <subfield code="a">p. 230-257.</subfield>
      </datafield>
      <datafield tag="520" ind1=" " ind2=" ">
         <subfield code="a">Drought is a natural climatic phenomenon that occurs throughout the world
        and impacts many sectors of society. To help decision-makers reduce the impacts of drought,
        it is important to improve monitoring tools that provide relevant and timely information in
        support of drought mitigation decisions. Given that drought is a complex natural hazard that
        manifests in different forms, monitoring can be improved by integrating various types of
        information (e.g., remote sensing and climate) that is timely and region specific to
        identify where and when droughts are occurring. The Vegetation Drought Response Index for
        Canada (VegDRI-Canada) is a recently developed drought monitoring tool for Canada.
        VegDRI-Canada extends the initial VegDRI concept developed for the conterminous United
        States to a broader transnational coverage across North America. VegDRI-Canada models are
        similar to those developed for the United States, integrating satellite observations of
        vegetation status, climate data, and biophysical information on land use and land cover,
        soil characteristics, and other environmental factors. Collectively, these different types
        of data are integrated into the hybrid VegDRI-Canada to isolate the effects of drought on
        vegetation. Twenty-three weekly VegDRI-Canada models were built for the growing season
        (April–September) through the weekly analysis of these data using a regression tree-based
        data mining approach. A 15-year time series of VegDRI-Canada results (s to 2014) was
        produced using these models and the output was validated by randomly selecting 20% of the
        historical data, as well as holdout year (15% unseen data) across the growing season that
        the Pearson’s correlation ranged from 0.6 to 0.77. A case study was also conducted to
        evaluate the VegDRI-Canada results over the prairie region of Canada for two drought years
        and one non-drought year for three weekly periods of the growing season (i.e., early-, mid-,
        and late season). The comparison of the VegDRI-Canada map with the Canadian Drought Monitor
        (CDM), an independent drought indicator, showed that the VegDRI-Canada maps depicted key
        spatial drought severity patterns during the two targeted drought years consistent with the
        CDM. In addition, VegDRI-Canada was compared with canola yields in the Prairie Provinces at
        the regional scale for a period from 2000 to 2014 to evaluate the indices’ applicability for
        monitoring drought impacts on crop production. The result showed that VegDRI-Canada values
        had a relatively higher correlation (i.e., r &gt; 0.5) with canola yield for nonirrigated
        croplands in the Canadian Prairies region in areas where drought is typically a limiting
        factor on crop growth, but showed a negative relationship in the southeastern Prairie
        region, where water availability is less of a limiting factor and in some cases a hindrance
        to crop growth when waterlogging occurs. These initial results demonstrate VegDRI-Canada’s
        utility for monitoring drought-related vegetation conditions, particularly in drought prone
        areas. In general, the results indicated that the VegDRI-Canada models showed sensitivity to
        known agricultural drought events in Canada over the 15-year period mainly for nonirrigated
        areas.</subfield>
      </datafield>
      <datafield tag="592" ind1=" " ind2=" ">
         <subfield code="a">Publisher supplied data</subfield>
      </datafield>
      <datafield tag="593" ind1=" " ind2=" ">
         <subfield code="a">PubAg article</subfield>
      </datafield>
      <datafield tag="650" ind1=" " ind2="3">
         <subfield code="a">case studies</subfield>
      </datafield>
      <datafield tag="650" ind1=" " ind2="3">
         <subfield code="a">climate</subfield>
      </datafield>
      <datafield tag="650" ind1=" " ind2="3">
         <subfield code="a">crop yield</subfield>
      </datafield>
      <datafield tag="650" ind1=" " ind2="3">
         <subfield code="a">cropland</subfield>
      </datafield>
      <datafield tag="650" ind1=" " ind2="3">
         <subfield code="a">drought</subfield>
      </datafield>
      <datafield tag="650" ind1=" " ind2="3">
         <subfield code="a">environmental factors</subfield>
      </datafield>
      <datafield tag="650" ind1=" " ind2="3">
         <subfield code="a">flooded conditions</subfield>
      </datafield>
      <datafield tag="650" ind1=" " ind2="3">
         <subfield code="a">growing season</subfield>
      </datafield>
      <datafield tag="650" ind1=" " ind2="3">
         <subfield code="a">land use and land cover maps</subfield>
      </datafield>
      <datafield tag="650" ind1=" " ind2="3">
         <subfield code="a">meteorological data</subfield>
      </datafield>
      <datafield tag="650" ind1=" " ind2="3">
         <subfield code="a">models</subfield>
      </datafield>
      <datafield tag="650" ind1=" " ind2="3">
         <subfield code="a">monitoring</subfield>
      </datafield>
      <datafield tag="650" ind1=" " ind2="3">
         <subfield code="a">prairies</subfield>
      </datafield>
      <datafield tag="650" ind1=" " ind2="3">
         <subfield code="a">remote sensing</subfield>
      </datafield>
      <datafield tag="650" ind1=" " ind2="3">
         <subfield code="a">satellites</subfield>
      </datafield>
      <datafield tag="650" ind1=" " ind2="3">
         <subfield code="a">soil</subfield>
      </datafield>
      <datafield tag="650" ind1=" " ind2="3">
         <subfield code="a">time series analysis</subfield>
      </datafield>
      <datafield tag="651" ind1=" " ind2="3">
         <subfield code="a">Canada</subfield>
      </datafield>
      <datafield tag="653" ind1=" " ind2="0">
         <subfield code="a">Drought monitoring</subfield>
      </datafield>
      <datafield tag="653" ind1=" " ind2="0">
         <subfield code="a">crop yield</subfield>
      </datafield>
      <datafield tag="653" ind1=" " ind2="0">
         <subfield code="a">vegetation condition</subfield>
      </datafield>
      <datafield tag="653" ind1=" " ind2="0">
         <subfield code="a">Canadian prairies</subfield>
      </datafield>
      <datafield tag="700" ind1="1" ind2=" ">
         <subfield code="a">Champagne, Catherine</subfield>
         <subfield code="e">author</subfield>
         <subfield code="u">National Agroclimate Information Service, Agriculture and Agri-Food Canada,
        960 Carling Avenue, Ottawa, ON K1A 0C6, Canada</subfield>
      </datafield>
      <datafield tag="700" ind1="1" ind2=" ">
         <subfield code="a">Wardlow, Brian D.</subfield>
         <subfield code="e">author</subfield>
         <subfield code="u">Center for Advanced Land Management Information Technologies, University of
        Nebraska, Lincoln, Nebraska68588, U.S.A.</subfield>
      </datafield>
      <datafield tag="700" ind1="1" ind2=" ">
         <subfield code="a">Hadwen, Trevor A</subfield>
         <subfield code="e">author</subfield>
         <subfield code="u">National Agroclimate Information Service, Agriculture and Agri-Food Canada,
        960 Carling Avenue, Ottawa, ON K1A 0C6, Canada</subfield>
      </datafield>
      <datafield tag="700" ind1="1" ind2=" ">
         <subfield code="a">Brown, Jesslyn F.</subfield>
         <subfield code="e">author</subfield>
         <subfield code="u">United States Geological Survey, Earth Resources Observation and Science
        Center, 47914 252 Street, Sioux Falls, South Dakota, U.S.A.</subfield>
      </datafield>
      <datafield tag="700" ind1="1" ind2=" ">
         <subfield code="a">Demisse, Getachew B.</subfield>
         <subfield code="e">author</subfield>
         <subfield code="u">National Drought Mitigation Center, School of Natural Resources, University
        of Nebraska-Lincoln, 816 Hardin Hall, 3310 Holdrege Street, P.O. Box 830988, Lincoln,
        Nebraska68583-0988, 68588, U.S.A.</subfield>
      </datafield>
      <datafield tag="700" ind1="1" ind2=" ">
         <subfield code="a">Bayissa, Yared A.</subfield>
         <subfield code="e">author</subfield>
         <subfield code="u">National Drought Mitigation Center, School of Natural Resources, University
        of Nebraska-Lincoln, 816 Hardin Hall, 3310 Holdrege Street, P.O. Box 830988, Lincoln,
        Nebraska68583-0988, 68588, U.S.A.</subfield>
      </datafield>
      <datafield tag="700" ind1="1" ind2=" ">
         <subfield code="a">Davidson, Andrew M.</subfield>
         <subfield code="e">author</subfield>
         <subfield code="u">National Agroclimate Information Service, Agriculture and Agri-Food Canada,
        960 Carling Avenue, Ottawa, ON K1A 0C6, Canada</subfield>
      </datafield>
      <datafield tag="773" ind1="0" ind2=" ">
         <subfield code="t">GIScience &amp; Remote Sensing.</subfield>
         <subfield code="g">2017 Mar. 4, v. 54, no. 2 p.230-257</subfield>
         <subfield code="d">Taylor &amp; Francis</subfield>
         <subfield code="x">1943-7226</subfield>
         <subfield code="7">nnas</subfield>
      </datafield>
      <datafield tag="787" ind1="1" ind2=" ">
         <subfield code="o">islandora_article_repository</subfield>
      </datafield>
      <datafield tag="787" ind1="1" ind2=" ">
         <subfield code="o">product_pubag</subfield>
      </datafield>
      <datafield tag="787" ind1="1" ind2=" ">
         <subfield code="o">(Journal)19689</subfield>
      </datafield>
      <datafield tag="856" ind1="4" ind2="0">
         <subfield code="u">http://dx.doi.org/10.1080/15481603.2017.1286728</subfield>
         <subfield code="3">Available from publisher's site</subfield>
      </datafield>
      <datafield tag="912" ind1=" " ind2=" ">
         <subfield code="a">Article</subfield>
      </datafield>
      <datafield tag="914" ind1=" " ind2=" ">
         <subfield code="a">Journal:19689</subfield>
         <subfield code="b">1943-7226</subfield>
         <subfield code="c">54</subfield>
         <subfield code="d">2</subfield>
         <subfield code="e">230</subfield>
      </datafield>
      <datafield tag="914" ind1=" " ind2=" ">
         <subfield code="f">GIScience &amp; Remote Sensing</subfield>
      </datafield>
      <datafield tag="916" ind1=" " ind2=" ">
         <subfield code="a">Batch:1722</subfield>
      </datafield>
      <datafield tag="917" ind1=" " ind2=" ">
         <subfield code="a">issued</subfield>
      </datafield>
      <datafield tag="918" ind1="2" ind2=" ">
         <subfield code="a">Taylor &amp; Francis Group</subfield>
         <subfield code="e">provider</subfield>
         <subfield code="5">DNAL</subfield>
      </datafield>
      <datafield tag="935" ind1=" " ind2=" ">
         <subfield code="a">IND605656770</subfield>
         <subfield code="9">ExL</subfield>
      </datafield>
      <datafield tag="949" ind1=" " ind2=" ">
         <subfield code="a">2017-06-19</subfield>
      </datafield>
      <datafield tag="953" ind1=" " ind2=" ">
         <subfield code="a">tgrs20_tgrs20.v054.i02_20170316015738#9368994.zip</subfield>
      </datafield>
      <datafield tag="962" ind1=" " ind2=" ">
         <subfield code="a">Batch:1722 reviewed on 2017-06-19T13:00:02Z</subfield>
      </datafield>
      <datafield tag="974" ind1=" " ind2=" ">
         <subfield code="a">agid:5656770</subfield>
      </datafield>
      <datafield tag="983" ind1=" " ind2=" ">
         <subfield code="a">2017-03-25</subfield>
      </datafield>
      <datafield tag="984" ind1=" " ind2=" ">
         <subfield code="a">2017-06-19</subfield>
      </datafield>
   </record>