
   <!--Record: 199-->
   <record>
      <leader>04248nab a2200589 u 4500</leader>
      <controlfield tag="001">9915969937507426</controlfield>
      <controlfield tag="005">20221122035119.0</controlfield>
      <controlfield tag="008">081212e200901 xx |||||o|||||||||||eng||</controlfield>
      <datafield tag="016" ind1="7" ind2=" ">
         <subfield code="a">IND44136025</subfield>
         <subfield code="2">DNAL</subfield>
      </datafield>
      <datafield tag="024" ind1="7" ind2=" ">
         <subfield code="a">10.1111/j.1365-2745.2008.01445.x</subfield>
         <subfield code="2">doi</subfield>
      </datafield>
      <datafield tag="035" ind1=" " ind2=" ">
         <subfield code="a">agid:432565-01nal_inst</subfield>
      </datafield>
      <datafield tag="040" ind1=" " ind2=" ">
         <subfield code="a">AGL</subfield>
         <subfield code="b">eng</subfield>
         <subfield code="c">AGL</subfield>
      </datafield>
      <datafield tag="100" ind1="1" ind2=" ">
         <subfield code="a">Picard, Nicolas</subfield>
      </datafield>
      <datafield tag="245" ind1="1" ind2="0">
         <subfield code="a">Understanding the dynamics of an undisturbed tropical rain forest from the
        spatial pattern of trees</subfield>
      </datafield>
      <datafield tag="300" ind1=" " ind2=" ">
         <subfield code="a">p. 97-108.</subfield>
      </datafield>
      <datafield tag="500" ind1=" " ind2=" ">
         <subfield code="a">Includes references</subfield>
      </datafield>
      <datafield tag="520" ind1=" " ind2=" ">
         <subfield code="a">1. Considering that the spatial pattern of trees is a footprint of the
        biological processes that drive their dynamics, increasing work has been undertaken to
        analyse spatial patterns and fit spatial point processes to them. When diameter is taken
        into account, the underlying point process is a marked point process. The question then is
        how to correctly model the dependence between the mark and location, and the different
        patterns at the different scales, to gain understanding of the underlying biological
        processes. 2. The data used comes from the Paracou rain forest in French Guiana (5°15' N,
        52°55' W). The spatial pattern of trees in this forest exhibits regularity at small
        distances (c. 6 m) and clustering at larger distances (c. 30 m). The pattern is linked to
        diameter, with a shift from clustering to regularity as trees grow. 3. Two models of spatial
        pattern are used. The first one is pattern-driven in the sense that it breaks down the
        observed pattern into a mixture of regular, clustered and random contributions. The second
        one is process-based and uses a simple individual-based space-dependent model of forest
        dynamics as a simulation algorithm. It is obtained as the limit of this spatio-temporal
        model when time tends to infinity. 4. Both models are consistent with the observed pattern,
        with a better fit provided by the second model. Moreover this second model provides a
        biological interpretation of the observed pattern in terms of forest dynamics. However the
        first model's implementation is simpler (both for simulation and for parameter estimation).
        5. Synthesis. Modelling the spatial pattern of plants using spatial point processes gives
        insights into the biological processes that drive their dynamics. It allows the
        reconstruction of their dynamics given only a snapshot of plant locations. Very few
        solutions exist to model complex marked spatial patterns when point location and mark are
        dependent. We defined and compared two point processes that successfully modelled the
        spatial pattern of trees in a rain forest with interaction between tree location and tree
        size. Both models highlight competition (either symmetric or asymmetric) as a driving
        process towards regularity. The second model further reveals a self-organizing dynamic with
        a feedback effect of competition.</subfield>
      </datafield>
      <datafield tag="593" ind1=" " ind2=" ">
         <subfield code="a">PubAg article</subfield>
      </datafield>
      <datafield tag="650" ind1=" " ind2="3">
         <subfield code="a">algorithms</subfield>
      </datafield>
      <datafield tag="650" ind1=" " ind2="3">
         <subfield code="a">forest trees</subfield>
      </datafield>
      <datafield tag="650" ind1=" " ind2="3">
         <subfield code="a">models</subfield>
      </datafield>
      <datafield tag="650" ind1=" " ind2="3">
         <subfield code="a">tropical rain forests</subfield>
      </datafield>
      <datafield tag="651" ind1=" " ind2="3">
         <subfield code="a">French Guiana</subfield>
      </datafield>
      <datafield tag="653" ind1=" " ind2="0">
         <subfield code="a">diameter-location interaction</subfield>
      </datafield>
      <datafield tag="653" ind1=" " ind2="0">
         <subfield code="a">marked point process</subfield>
      </datafield>
      <datafield tag="653" ind1=" " ind2="0">
         <subfield code="a">random field model</subfield>
      </datafield>
      <datafield tag="653" ind1=" " ind2="0">
         <subfield code="a">Ripley K-function</subfield>
      </datafield>
      <datafield tag="653" ind1=" " ind2="0">
         <subfield code="a">spatial pattern</subfield>
      </datafield>
      <datafield tag="653" ind1=" " ind2="0">
         <subfield code="a">virtual stand</subfield>
      </datafield>
      <datafield tag="700" ind1="1" ind2=" ">
         <subfield code="a">Bar-Hen, Avner</subfield>
      </datafield>
      <datafield tag="700" ind1="1" ind2=" ">
         <subfield code="a">Mortier, Frédéric</subfield>
      </datafield>
      <datafield tag="700" ind1="1" ind2=" ">
         <subfield code="a">Chadoeuf, Joël</subfield>
      </datafield>
      <datafield tag="773" ind1="0" ind2=" ">
         <subfield code="t">journal of ecology.</subfield>
         <subfield code="g">2009 Jan., v. 97, no. 1 p.97-108</subfield>
         <subfield code="d">Blackwell Publishing Ltd</subfield>
         <subfield code="x">0022-0477</subfield>
         <subfield code="7">nnas</subfield>
      </datafield>
      <datafield tag="787" ind1="1" ind2=" ">
         <subfield code="o">islandora_article_repository</subfield>
      </datafield>
      <datafield tag="787" ind1="1" ind2=" ">
         <subfield code="o">product_pubag</subfield>
      </datafield>
      <datafield tag="787" ind1="1" ind2=" ">
         <subfield code="o">(Journal)jnl44660</subfield>
      </datafield>
      <datafield tag="852" ind1=" " ind2=" ">
         <subfield code="a">DNAL</subfield>
      </datafield>
      <datafield tag="856" ind1="4" ind2="0">
         <subfield code="u">http://dx.doi.org/10.1111/j.1365-2745.2008.01445.x</subfield>
      </datafield>
      <datafield tag="912" ind1=" " ind2=" ">
         <subfield code="a">Article</subfield>
      </datafield>
      <datafield tag="914" ind1=" " ind2=" ">
         <subfield code="a">Journal:jnl44660</subfield>
         <subfield code="b">0022-0477</subfield>
         <subfield code="c">97</subfield>
         <subfield code="d">1</subfield>
         <subfield code="e">97</subfield>
      </datafield>
      <datafield tag="914" ind1=" " ind2=" ">
         <subfield code="f">journal of ecology</subfield>
      </datafield>
      <datafield tag="917" ind1=" " ind2=" ">
         <subfield code="a">issued</subfield>
      </datafield>
      <datafield tag="935" ind1=" " ind2=" ">
         <subfield code="a">IND44136025</subfield>
         <subfield code="9">ExL</subfield>
      </datafield>
      <datafield tag="949" ind1=" " ind2=" ">
         <subfield code="a">2014-02-03</subfield>
      </datafield>
      <datafield tag="962" ind1=" " ind2=" ">
         <subfield code="a">Journal ISSN is 1365-2745</subfield>
      </datafield>
      <datafield tag="962" ind1=" " ind2=" ">
         <subfield code="a">Batch:424 annotated on 2014-01-27T12:09:54Z</subfield>
      </datafield>
      <datafield tag="962" ind1=" " ind2=" ">
         <subfield code="a">Batch:424 reviewed on 2014-01-31T16:00:02Z</subfield>
      </datafield>
      <datafield tag="962" ind1=" " ind2=" ">
         <subfield code="a">Batch:424 reviewed on 2014-02-03T11:00:03Z</subfield>
      </datafield>
      <datafield tag="974" ind1=" " ind2=" ">
         <subfield code="a">agid:432565</subfield>
      </datafield>
      <datafield tag="984" ind1=" " ind2=" ">
         <subfield code="a">2009-02-07</subfield>
      </datafield>
      <datafield tag="985" ind1=" " ind2=" ">
         <subfield code="a">Converted from MARCXML to MODS version 3.4 using MARC21slim2MODS3-4.xsl
        (Revision 1.77 2012/03/23)</subfield>
      </datafield>
      <datafield tag="986" ind1=" " ind2=" ">
         <subfield code="a">4136025</subfield>
      </datafield>
   </record>