
   <!--Record: 200-->
   <record>
      <leader>05185nab a2200817 u 4500</leader>
      <controlfield tag="001">9915970399507426</controlfield>
      <controlfield tag="005">20221117172637.0</controlfield>
      <controlfield tag="008">160315e20121122xx |||||o|||||||||||eng||</controlfield>
      <datafield tag="016" ind1="7" ind2=" ">
         <subfield code="a">IND605155223</subfield>
         <subfield code="2">DNAL</subfield>
      </datafield>
      <datafield tag="024" ind1="7" ind2=" ">
         <subfield code="a">10.1139/b2012-100</subfield>
         <subfield code="2">doi</subfield>
      </datafield>
      <datafield tag="035" ind1=" " ind2=" ">
         <subfield code="a">agid:5155223-01nal_inst</subfield>
      </datafield>
      <datafield tag="040" ind1=" " ind2=" ">
         <subfield code="a">AGL</subfield>
         <subfield code="b">eng</subfield>
         <subfield code="c">AGL</subfield>
      </datafield>
      <datafield tag="100" ind1="1" ind2=" ">
         <subfield code="a">van de Gevel, Saskia L.</subfield>
         <subfield code="e">author</subfield>
         <subfield code="u">Department of Geography and Planning, Appalachian State University, Boone,
        NC 28608, USA.</subfield>
      </datafield>
      <datafield tag="245" ind1="1" ind2="0">
         <subfield code="a">American chestnut (Castanea dentata) to northern red oak (Quercus rubra):
        forest dynamics of an old-growth forest in the Blue Ridge Mountains, USA</subfield>
      </datafield>
      <datafield tag="300" ind1=" " ind2=" ">
         <subfield code="a">p. 1263-1276.</subfield>
      </datafield>
      <datafield tag="520" ind1=" " ind2=" ">
         <subfield code="a">We analyzed tree species composition and age structure in a rare,
        old-growth Quercus rubra L. (northern red oak) forest at Bluff Mountain Preserve, North
        Carolina, to assess potential changes associated with Cryphonectria parasitica (Murrill)
        M.E. Barr (chestnut blight), selective logging, livestock grazing, ice storms, wind events,
        and fire history. We established forest inventory plots to determine the forest composition,
        vertical structure, and age of the high-elevation Q. rubra dominated forest. We developed
        the longest Q. rubra dendroecological history (1671–2009) in North America. Several living
        Q. rubra individuals were more than 250 years old. The frequency, magnitude, and spatial
        extent of canopy disturbance events were shown in radial growth trends in Q. rubra samples.
        We also examined Q. rubra climate – radial growth relationships to compare high-elevation
        Q. rubra climate response patterns with results from lower elevation Quercus
        dendroclimatological studies. Stand-wide release events corresponded with the loss of
        Castanea dentata (Marsh.) Borkh. (American chestnut) during the 1930s and frequent ice
        storms or wind events. Although we observed fire scars on living hardwood trees, we did not
        find fire scars on the remnant logs. The lack of fire scars on the remnant logs indicates
        that the observed fires likely occurred during the second half of the 20th century. Quercus
        rubra were most climatically sensitive to cool March temperatures. Quercus rubra sampled at
        higher elevations were more sensitive to temperature than lower elevation Quercus spp.
        trees, which may indicate higher sensitivity to March frosts. Quercus rubra has been a
        dominant species at Bluff Mountain for the past 300 years; however, our data indicate that
        the forest will transition to support a much stronger Acer saccharum Marsh. (sugar maple)
        component during the next 50 years. This study provides a multicentury perspective to guide
        conservation efforts and forest management in high-elevation Quercus spp. forests in the
        southern Appalachian Mountains.</subfield>
      </datafield>
      <datafield tag="592" ind1=" " ind2=" ">
         <subfield code="a">Publisher supplied data</subfield>
      </datafield>
      <datafield tag="593" ind1=" " ind2=" ">
         <subfield code="a">PubAg article</subfield>
      </datafield>
      <datafield tag="650" ind1=" " ind2="3">
         <subfield code="a">Acer saccharum subsp. saccharum</subfield>
      </datafield>
      <datafield tag="650" ind1=" " ind2="3">
         <subfield code="a">Castanea dentata</subfield>
      </datafield>
      <datafield tag="650" ind1=" " ind2="3">
         <subfield code="a">Cryphonectria parasitica</subfield>
      </datafield>
      <datafield tag="650" ind1=" " ind2="3">
         <subfield code="a">Quercus rubra</subfield>
      </datafield>
      <datafield tag="650" ind1=" " ind2="3">
         <subfield code="a">age structure</subfield>
      </datafield>
      <datafield tag="650" ind1=" " ind2="3">
         <subfield code="a">canopy</subfield>
      </datafield>
      <datafield tag="650" ind1=" " ind2="3">
         <subfield code="a">climate</subfield>
      </datafield>
      <datafield tag="650" ind1=" " ind2="3">
         <subfield code="a">fire scars</subfield>
      </datafield>
      <datafield tag="650" ind1=" " ind2="3">
         <subfield code="a">fires</subfield>
      </datafield>
      <datafield tag="650" ind1=" " ind2="3">
         <subfield code="a">forest inventory</subfield>
      </datafield>
      <datafield tag="650" ind1=" " ind2="3">
         <subfield code="a">forest management</subfield>
      </datafield>
      <datafield tag="650" ind1=" " ind2="3">
         <subfield code="a">grazing</subfield>
      </datafield>
      <datafield tag="650" ind1=" " ind2="3">
         <subfield code="a">hardwood</subfield>
      </datafield>
      <datafield tag="650" ind1=" " ind2="3">
         <subfield code="a">ice</subfield>
      </datafield>
      <datafield tag="650" ind1=" " ind2="3">
         <subfield code="a">livestock</subfield>
      </datafield>
      <datafield tag="650" ind1=" " ind2="3">
         <subfield code="a">logging</subfield>
      </datafield>
      <datafield tag="650" ind1=" " ind2="3">
         <subfield code="a">old-growth forests</subfield>
      </datafield>
      <datafield tag="650" ind1=" " ind2="3">
         <subfield code="a">species diversity</subfield>
      </datafield>
      <datafield tag="650" ind1=" " ind2="3">
         <subfield code="a">storms</subfield>
      </datafield>
      <datafield tag="650" ind1=" " ind2="3">
         <subfield code="a">temperature</subfield>
      </datafield>
      <datafield tag="650" ind1=" " ind2="3">
         <subfield code="a">trees</subfield>
      </datafield>
      <datafield tag="650" ind1=" " ind2="3">
         <subfield code="a">wind</subfield>
      </datafield>
      <datafield tag="651" ind1=" " ind2="3">
         <subfield code="a">Blue Ridge Mountain region</subfield>
      </datafield>
      <datafield tag="651" ind1=" " ind2="3">
         <subfield code="a">North Carolina</subfield>
      </datafield>
      <datafield tag="653" ind1=" " ind2="0">
         <subfield code="a">succession</subfield>
      </datafield>
      <datafield tag="653" ind1=" " ind2="0">
         <subfield code="a">fire</subfield>
      </datafield>
      <datafield tag="653" ind1=" " ind2="0">
         <subfield code="a">ice storms</subfield>
      </datafield>
      <datafield tag="653" ind1=" " ind2="0">
         <subfield code="a">dendroecology</subfield>
      </datafield>
      <datafield tag="653" ind1=" " ind2="0">
         <subfield code="a">high elevation</subfield>
      </datafield>
      <datafield tag="653" ind1=" " ind2="0">
         <subfield code="a">southern Appalachian Mountains</subfield>
      </datafield>
      <datafield tag="700" ind1="1" ind2=" ">
         <subfield code="a">Hart, Justin L.</subfield>
         <subfield code="e">author</subfield>
         <subfield code="u">Department of Geography, The University of Alabama, Tuscaloosa, AL 35487,
        USA.</subfield>
      </datafield>
      <datafield tag="700" ind1="1" ind2=" ">
         <subfield code="a">Spond, Mark D.</subfield>
         <subfield code="e">author</subfield>
         <subfield code="u">Department of Geography and Planning, Appalachian State University, Boone,
        NC 28608, USA.</subfield>
      </datafield>
      <datafield tag="700" ind1="1" ind2=" ">
         <subfield code="a">White, Philip B.</subfield>
         <subfield code="e">author</subfield>
         <subfield code="u">Department of Geography and Planning, Appalachian State University, Boone,
        NC 28608, USA.</subfield>
      </datafield>
      <datafield tag="700" ind1="1" ind2=" ">
         <subfield code="a">Sutton, Megan N.</subfield>
         <subfield code="e">author</subfield>
         <subfield code="u">Mountains Stewardship Program Manager, The Nature Conservancy, Asheville,
        NC 28806, USA.</subfield>
      </datafield>
      <datafield tag="700" ind1="1" ind2=" ">
         <subfield code="a">Grissino-Mayer, Henri D.</subfield>
         <subfield code="e">author</subfield>
         <subfield code="u">Department of Geography, The University of Tennessee, Knoxville, TN 37916,
        USA.</subfield>
      </datafield>
      <datafield tag="773" ind1="0" ind2=" ">
         <subfield code="t">Botany.</subfield>
         <subfield code="g">2012 Nov. 22, v. 90, no. 12 p.1263-1276</subfield>
         <subfield code="d">NRC Research Press</subfield>
         <subfield code="w">Journal:jnl44657</subfield>
         <subfield code="x">1916-2804</subfield>
         <subfield code="7">nnas</subfield>
      </datafield>
      <datafield tag="787" ind1="1" ind2=" ">
         <subfield code="o">islandora_article_repository</subfield>
      </datafield>
      <datafield tag="787" ind1="1" ind2=" ">
         <subfield code="o">product_pubag</subfield>
      </datafield>
      <datafield tag="787" ind1="1" ind2=" ">
         <subfield code="o">(Journal)jnl44657</subfield>
      </datafield>
      <datafield tag="856" ind1="4" ind2="0">
         <subfield code="u">http://dx.doi.org/10.1139/b2012-100</subfield>
         <subfield code="3">Available from publisher's site</subfield>
      </datafield>
      <datafield tag="912" ind1=" " ind2=" ">
         <subfield code="a">Article</subfield>
      </datafield>
      <datafield tag="914" ind1=" " ind2=" ">
         <subfield code="a">Journal:jnl44657</subfield>
         <subfield code="b">1916-2804</subfield>
         <subfield code="c">90</subfield>
         <subfield code="d">12</subfield>
         <subfield code="e">1263</subfield>
      </datafield>
      <datafield tag="914" ind1=" " ind2=" ">
         <subfield code="f">Botany</subfield>
      </datafield>
      <datafield tag="916" ind1=" " ind2=" ">
         <subfield code="a">Batch:1274</subfield>
      </datafield>
      <datafield tag="917" ind1=" " ind2=" ">
         <subfield code="a">issued</subfield>
      </datafield>
      <datafield tag="918" ind1="2" ind2=" ">
         <subfield code="a">NRC Canada</subfield>
         <subfield code="e">provider</subfield>
         <subfield code="5">DNAL</subfield>
      </datafield>
      <datafield tag="935" ind1=" " ind2=" ">
         <subfield code="a">IND605155223</subfield>
         <subfield code="9">ExL</subfield>
      </datafield>
      <datafield tag="949" ind1=" " ind2=" ">
         <subfield code="a">2016-04-28</subfield>
      </datafield>
      <datafield tag="953" ind1=" " ind2=" ">
         <subfield code="a">CJBv90i12-12111210-261268.zip</subfield>
      </datafield>
      <datafield tag="962" ind1=" " ind2=" ">
         <subfield code="a">Batch:1274 reviewed on 2016-04-28T12:00:02Z</subfield>
      </datafield>
      <datafield tag="974" ind1=" " ind2=" ">
         <subfield code="a">agid:5155223</subfield>
      </datafield>
      <datafield tag="983" ind1=" " ind2=" ">
         <subfield code="a">2016-03-15</subfield>
      </datafield>
      <datafield tag="984" ind1=" " ind2=" ">
         <subfield code="a">2019-05-06</subfield>
      </datafield>
   </record>