
   <!--Record: 202-->
   <record>
      <leader>03614nab a2200553 u 4500</leader>
      <controlfield tag="001">9915970755507426</controlfield>
      <controlfield tag="005">20221122024100.0</controlfield>
      <controlfield tag="008">980223s1997 enk|||||o|||||||||||eng||</controlfield>
      <datafield tag="016" ind1="7" ind2=" ">
         <subfield code="a">IND20620259</subfield>
         <subfield code="2">DNAL</subfield>
      </datafield>
      <datafield tag="024" ind1="7" ind2=" ">
         <subfield code="a">10.1093/forestry/70.1.31</subfield>
         <subfield code="2">doi</subfield>
      </datafield>
      <datafield tag="035" ind1=" " ind2=" ">
         <subfield code="a">agid:1389224-01nal_inst</subfield>
      </datafield>
      <datafield tag="040" ind1=" " ind2=" ">
         <subfield code="a">AGL</subfield>
         <subfield code="b">eng</subfield>
         <subfield code="c">AGL</subfield>
      </datafield>
      <datafield tag="100" ind1="1" ind2=" ">
         <subfield code="a">Simpson, H.L.</subfield>
      </datafield>
      <datafield tag="245" ind1="1" ind2="0">
         <subfield code="a">Variation of ring width and specific gravity within trees from unthinned
        Sitka spruce spacing trial in Clocaenog, North Wales</subfield>
      </datafield>
      <datafield tag="300" ind1=" " ind2=" ">
         <subfield code="a">p. 31-45.</subfield>
      </datafield>
      <datafield tag="520" ind1=" " ind2=" ">
         <subfield code="a">The aim of this work was to quantify patterns of change in ring width and
        specific gravity within trees of Picea sitchensis with ring number across juvenile and
        mature wood, in relation to height in tree, original spacing, and crown dimensions. Five
        trees were sampled from each of three plots on a 52-year-old unthinned spacing trial at
        Clocaenog, North Wales. The ring width of wood produced in early decades of the plantation
        was most strongly correlated with original spacing, while that produced in later decades was
        more strongly correlated with branch diameters of the upper crown. In later decades, trees
        originally at the widest spacing had higher specific gravity than those originally at closer
        spacing, presumably associated with self-thinning of the narrower-spaced unthinned plots.
        Differences in amount of juvenile wood between spacing plots were less marked than those
        reported from the same plots when harvested 7 years earlier; it is suggested that as trees
        surviving after self-thinning are likely to be those with a competitive advantage from an
        early stage, differences between plots in amounts of juvenile wood may become less apparent
        in trees harvested later in the rotation than in those sampled earlier. Underlying patterns
        of variation in ring width and specific gravity across the tree were found to be modified by
        a progressive drift with height in the tree. Linear regressions between specific gravity and
        ring width also varied in a systematic way; the intercept and slope of these regressions
        tended to increase with ring number from the pith, and with height in tree at a specified
        ring number. Equations are given as a basis for quantifying these trends, but more data are
        needed from other sites to determine the extent to which these equations represent trends
        inherent to cambial and apical ageing, as distinct from influence of changing environment
        around the trees.</subfield>
      </datafield>
      <datafield tag="593" ind1=" " ind2=" ">
         <subfield code="a">PubAg article</subfield>
      </datafield>
      <datafield tag="650" ind1=" " ind2="3">
         <subfield code="a">height</subfield>
      </datafield>
      <datafield tag="650" ind1=" " ind2="3">
         <subfield code="a">plant characteristics</subfield>
      </datafield>
      <datafield tag="650" ind1=" " ind2="3">
         <subfield code="a">Picea sitchensis</subfield>
      </datafield>
      <datafield tag="650" ind1=" " ind2="3">
         <subfield code="a">spatial distribution</subfield>
      </datafield>
      <datafield tag="650" ind1=" " ind2="3">
         <subfield code="a">growth rings</subfield>
      </datafield>
      <datafield tag="650" ind1=" " ind2="3">
         <subfield code="a">specific gravity</subfield>
      </datafield>
      <datafield tag="650" ind1=" " ind2="3">
         <subfield code="a">juvenile wood</subfield>
      </datafield>
      <datafield tag="650" ind1=" " ind2="3">
         <subfield code="a">canopy</subfield>
      </datafield>
      <datafield tag="650" ind1=" " ind2="3">
         <subfield code="a">branches</subfield>
      </datafield>
      <datafield tag="650" ind1=" " ind2="3">
         <subfield code="a">diameter</subfield>
      </datafield>
      <datafield tag="651" ind1=" " ind2="3">
         <subfield code="a">Wales</subfield>
      </datafield>
      <datafield tag="653" ind1=" " ind2="0">
         <subfield code="a">mature wood</subfield>
      </datafield>
      <datafield tag="700" ind1="1" ind2=" ">
         <subfield code="a">Denne, M.P.</subfield>
      </datafield>
      <datafield tag="773" ind1="0" ind2=" ">
         <subfield code="t">Forestry.</subfield>
         <subfield code="g">1997, v. 70, no. 1 p.31-45</subfield>
         <subfield code="a">Forestry (London, England)</subfield>
         <subfield code="x">0015-752X</subfield>
         <subfield code="7">nnas</subfield>
      </datafield>
      <datafield tag="787" ind1="1" ind2=" ">
         <subfield code="o">islandora_article_repository</subfield>
      </datafield>
      <datafield tag="787" ind1="1" ind2=" ">
         <subfield code="o">product_pubag</subfield>
      </datafield>
      <datafield tag="787" ind1="1" ind2=" ">
         <subfield code="o">(Journal)jnl45842</subfield>
      </datafield>
      <datafield tag="852" ind1=" " ind2=" ">
         <subfield code="a">DNAL</subfield>
      </datafield>
      <datafield tag="856" ind1="4" ind2="0">
         <subfield code="u">http://dx.doi.org/10.1093/forestry/70.1.31</subfield>
         <subfield code="3">Available from publisher's Web site</subfield>
      </datafield>
      <datafield tag="912" ind1=" " ind2=" ">
         <subfield code="a">Article</subfield>
      </datafield>
      <datafield tag="914" ind1=" " ind2=" ">
         <subfield code="a">Journal:jnl45842</subfield>
      </datafield>
      <datafield tag="914" ind1=" " ind2=" ">
         <subfield code="f">Forestry</subfield>
      </datafield>
      <datafield tag="917" ind1=" " ind2=" ">
         <subfield code="a">issued</subfield>
      </datafield>
      <datafield tag="930" ind1=" " ind2=" ">
         <subfield code="a">19980401</subfield>
         <subfield code="b">19980408</subfield>
         <subfield code="c">00000000</subfield>
      </datafield>
      <datafield tag="935" ind1=" " ind2=" ">
         <subfield code="a">IND20620259</subfield>
         <subfield code="9">ExL</subfield>
      </datafield>
      <datafield tag="945" ind1=" " ind2=" ">
         <subfield code="a">IND</subfield>
         <subfield code="d">JYB</subfield>
      </datafield>
      <datafield tag="946" ind1=" " ind2=" ">
         <subfield code="a">Non-US</subfield>
      </datafield>
      <datafield tag="952" ind1=" " ind2=" ">
         <subfield code="a">19980401 19980408 00000000</subfield>
         <subfield code="b">IND JYB </subfield>
      </datafield>
      <datafield tag="974" ind1=" " ind2=" ">
         <subfield code="a">agid:1389224</subfield>
      </datafield>
      <datafield tag="984" ind1=" " ind2=" ">
         <subfield code="a">2014-12-25</subfield>
      </datafield>
      <datafield tag="985" ind1=" " ind2=" ">
         <subfield code="a">Converted from MARCXML to MODS version 3.4 using MARC21slim2MODS3-4.xsl
        (Revision 1.95 2014/04/23)</subfield>
      </datafield>
      <datafield tag="986" ind1=" " ind2=" ">
         <subfield code="a">3261155</subfield>
      </datafield>
   </record>