
   <!--Record: 203-->
   <record>
      <leader>04645nab a2200661 u 4500</leader>
      <controlfield tag="001">9915971040607426</controlfield>
      <controlfield tag="005">20221120134639.0</controlfield>
      <controlfield tag="008">211118e202111 xx |||||o|||||||||||eng||</controlfield>
      <datafield tag="016" ind1="7" ind2=" ">
         <subfield code="a">IND607568164</subfield>
         <subfield code="2">DNAL</subfield>
      </datafield>
      <datafield tag="024" ind1="7" ind2=" ">
         <subfield code="a">10.1111/icad.12512</subfield>
         <subfield code="2">doi</subfield>
      </datafield>
      <datafield tag="035" ind1=" " ind2=" ">
         <subfield code="a">agid:7568164-01nal_inst</subfield>
      </datafield>
      <datafield tag="040" ind1=" " ind2=" ">
         <subfield code="a">AGL</subfield>
         <subfield code="b">eng</subfield>
         <subfield code="c">AGL</subfield>
      </datafield>
      <datafield tag="100" ind1="1" ind2=" ">
         <subfield code="a">Wang, Binli</subfield>
         <subfield code="e">author</subfield>
         <subfield code="u">The Key Laboratory for Silviculture and Conservation of Ministry of
        Education, College of Forestry, Beijing Forestry University, Beijing, China</subfield>
      </datafield>
      <datafield tag="245" ind1="1" ind2="0">
         <subfield code="a">Responses of ground beetle (Coleoptera: Carabidae) assemblages to stand
        characteristics and landscape structure in riparian poplar forests</subfield>
      </datafield>
      <datafield tag="300" ind1=" " ind2=" ">
         <subfield code="a">p. 780-792.</subfield>
      </datafield>
      <datafield tag="500" ind1=" " ind2=" ">
         <subfield code="a">JOURNAL ARTICLE</subfield>
      </datafield>
      <datafield tag="520" ind1=" " ind2=" ">
         <subfield code="a">Many carabid beetles are among the most important biocontrol agents and are
        biological indicators of environmental change, although relatively little is known about how
        local and landscape factors affect forest ground beetle assemblages. Understanding such
        effects of multi‐scale environmental drivers on ground beetles can promote carabid diversity
        and conservation. Ground beetles were sampled by pitfall trapping in 40 poplar forest stands
        (sampling plots) along the Irtysh River in Northwestern China. We investigated responses of
        carabid activity density, species diversity and functional diversity (FD) to stand
        characteristics and surrounding landscape structure (the overall diversity and percentage
        cover of vegetation productivity classes in the surrounding area of each sampling plot based
        on normalised difference vegetation index). While carabid activity density only responded
        positively to the overall diversity of vegetation productivity classes, carabid species
        diversity was positively associated with this landscape factor as well as vegetation cover
        but negatively associated with the nearest distance from sampling plot to the river. Only
        carabid FD responded significantly to percentage cover of vegetation productivity classes,
        showing a positive correlation with the proportion of medium vegetation productivity.
        Furthermore, overall carabid FD declined with increasing tree canopy cover. Our results can
        help predicting spatial patterns of ground beetles according to landscape diversity and
        proportions of surrounding vegetation types and improve the design of conservation
        strategies (such as altering canopy cover) of carabids, especially forest specialist
        species. Any forest management strategies for promoting carabid diversity should consider
        the pervasive effects of landscape composition and configuration besides local stand
        characteristics.</subfield>
      </datafield>
      <datafield tag="592" ind1=" " ind2=" ">
         <subfield code="a">Publisher supplied data</subfield>
      </datafield>
      <datafield tag="593" ind1=" " ind2=" ">
         <subfield code="a">PubAg article</subfield>
      </datafield>
      <datafield tag="596" ind1=" " ind2=" ">
         <subfield code="a">2017YFD0600105</subfield>
         <subfield code="c">National Key Research and Development Program</subfield>
      </datafield>
      <datafield tag="650" ind1=" " ind2="3">
         <subfield code="a">Carabidae</subfield>
      </datafield>
      <datafield tag="650" ind1=" " ind2="3">
         <subfield code="a">Populus</subfield>
      </datafield>
      <datafield tag="650" ind1=" " ind2="3">
         <subfield code="a">biological control</subfield>
      </datafield>
      <datafield tag="650" ind1=" " ind2="3">
         <subfield code="a">canopy</subfield>
      </datafield>
      <datafield tag="650" ind1=" " ind2="3">
         <subfield code="a">forest management</subfield>
      </datafield>
      <datafield tag="650" ind1=" " ind2="3">
         <subfield code="a">forests</subfield>
      </datafield>
      <datafield tag="650" ind1=" " ind2="3">
         <subfield code="a">functional diversity</subfield>
      </datafield>
      <datafield tag="650" ind1=" " ind2="3">
         <subfield code="a">insects</subfield>
      </datafield>
      <datafield tag="650" ind1=" " ind2="3">
         <subfield code="a">landscapes</subfield>
      </datafield>
      <datafield tag="650" ind1=" " ind2="3">
         <subfield code="a">normalized difference vegetation index</subfield>
      </datafield>
      <datafield tag="650" ind1=" " ind2="3">
         <subfield code="a">rivers</subfield>
      </datafield>
      <datafield tag="650" ind1=" " ind2="3">
         <subfield code="a">species diversity</subfield>
      </datafield>
      <datafield tag="650" ind1=" " ind2="3">
         <subfield code="a">trees</subfield>
      </datafield>
      <datafield tag="650" ind1=" " ind2="3">
         <subfield code="a">vegetation cover</subfield>
      </datafield>
      <datafield tag="651" ind1=" " ind2="3">
         <subfield code="a">China</subfield>
      </datafield>
      <datafield tag="700" ind1="1" ind2=" ">
         <subfield code="a">Tian, Chengming</subfield>
         <subfield code="e">author</subfield>
         <subfield code="u">The Key Laboratory for Silviculture and Conservation of Ministry of
        Education, College of Forestry, Beijing Forestry University, Beijing, China</subfield>
      </datafield>
      <datafield tag="700" ind1="1" ind2=" ">
         <subfield code="a">Liang, Yingmei</subfield>
         <subfield code="e">author</subfield>
         <subfield code="u">Museum of Beijing Forestry University, Beijing Forestry University,
        Beijing, China</subfield>
         <subfield code="1">https://orcid.org/0000-0002-1690-5512</subfield>
      </datafield>
      <datafield tag="700" ind1="1" ind2=" ">
         <subfield code="a">Liu, Weihang</subfield>
         <subfield code="e">author</subfield>
         <subfield code="u">The Key Laboratory for Silviculture and Conservation of Ministry of
        Education, College of Forestry, Beijing Forestry University, Beijing, China</subfield>
      </datafield>
      <datafield tag="773" ind1="0" ind2=" ">
         <subfield code="t">Insect conservation and diversity.</subfield>
         <subfield code="g">2021 Nov., v. 14, no. 6 p.780-792</subfield>
         <subfield code="d">John Wiley &amp; Sons, Ltd.</subfield>
         <subfield code="w">Journal:J000000087</subfield>
         <subfield code="x">1752-458X</subfield>
         <subfield code="7">nnas</subfield>
      </datafield>
      <datafield tag="787" ind1="1" ind2=" ">
         <subfield code="o">islandora_article_repository</subfield>
      </datafield>
      <datafield tag="787" ind1="1" ind2=" ">
         <subfield code="o">product_pubag</subfield>
      </datafield>
      <datafield tag="787" ind1="1" ind2=" ">
         <subfield code="o">(Journal)J000000087</subfield>
      </datafield>
      <datafield tag="856" ind1="4" ind2="0">
         <subfield code="u">https://dx.doi.org/10.1111/icad.12512</subfield>
         <subfield code="3">Available from publisher's site</subfield>
      </datafield>
      <datafield tag="912" ind1=" " ind2=" ">
         <subfield code="a">Article</subfield>
      </datafield>
      <datafield tag="914" ind1=" " ind2=" ">
         <subfield code="a">Journal:J000000087</subfield>
         <subfield code="b">1752-458X</subfield>
         <subfield code="c">14</subfield>
         <subfield code="d">6</subfield>
         <subfield code="e">780</subfield>
      </datafield>
      <datafield tag="914" ind1=" " ind2=" ">
         <subfield code="f">Insect conservation and diversity</subfield>
      </datafield>
      <datafield tag="916" ind1=" " ind2=" ">
         <subfield code="a">Batch:10210</subfield>
      </datafield>
      <datafield tag="917" ind1=" " ind2=" ">
         <subfield code="a">issued</subfield>
      </datafield>
      <datafield tag="918" ind1="2" ind2=" ">
         <subfield code="a">John Wiley &amp; Sons, Inc</subfield>
         <subfield code="e">provider</subfield>
         <subfield code="5">DNAL</subfield>
      </datafield>
      <datafield tag="935" ind1=" " ind2=" ">
         <subfield code="a">IND607568164</subfield>
         <subfield code="9">ExL</subfield>
      </datafield>
      <datafield tag="949" ind1=" " ind2=" ">
         <subfield code="a">2022-02-23</subfield>
      </datafield>
      <datafield tag="952" ind1=" " ind2=" ">
         <subfield code="d">NAL-AP-2-clean</subfield>
      </datafield>
      <datafield tag="953" ind1=" " ind2=" ">
         <subfield code="a">/data/metadata/incoming/wiley/1752458X_2021_14_6.xml</subfield>
      </datafield>
      <datafield tag="954" ind1=" " ind2=" ">
         <subfield code="a">file:/data/metadata/staging/wiley/1752458X_2021_14_6.xml</subfield>
      </datafield>
      <datafield tag="955" ind1=" " ind2=" ">
         <subfield code="a">/data/metadata/staging/wiley/</subfield>
      </datafield>
      <datafield tag="974" ind1=" " ind2=" ">
         <subfield code="a">agid:7568164</subfield>
      </datafield>
      <datafield tag="983" ind1=" " ind2=" ">
         <subfield code="a">2021-11-18</subfield>
      </datafield>
      <datafield tag="984" ind1=" " ind2=" ">
         <subfield code="a">2022-02-19</subfield>
      </datafield>
   </record>