
   <!--Record: 205-->
   <record>
      <leader>04631nab a2200625 u 4500</leader>
      <controlfield tag="001">9915972356907426</controlfield>
      <controlfield tag="005">20221120124630.0</controlfield>
      <controlfield tag="008">120418e201205 xx |||||o|||||||||||eng||</controlfield>
      <datafield tag="016" ind1="7" ind2=" ">
         <subfield code="a">IND44766967</subfield>
         <subfield code="2">DNAL</subfield>
      </datafield>
      <datafield tag="024" ind1="7" ind2=" ">
         <subfield code="a">10.1111/j.1365-2745.2012.01955.x</subfield>
         <subfield code="2">doi</subfield>
      </datafield>
      <datafield tag="035" ind1=" " ind2=" ">
         <subfield code="a">agid:587591-01nal_inst</subfield>
      </datafield>
      <datafield tag="040" ind1=" " ind2=" ">
         <subfield code="a">AGL</subfield>
         <subfield code="b">eng</subfield>
         <subfield code="c">AGL</subfield>
      </datafield>
      <datafield tag="100" ind1="1" ind2=" ">
         <subfield code="a">Fajardo, Alex</subfield>
         <subfield code="e">author</subfield>
         <subfield code="u"> Centro de Investigación en Ecosistemas de la Patagonia (CIEP)
        Conicyt–Regional R10C1003, Ignacio Serrano 509, Coyhaique, Chile Canada Research Chair,
        Center for Forest Research, Université Laval, Québec, QC G1V 0A6, Canada</subfield>
      </datafield>
      <datafield tag="245" ind1="1" ind2="0">
         <subfield code="a">Reversal of multicentury tree growth improvements and loss of synchrony at
        mountain tree lines point to changes in key drivers</subfield>
      </datafield>
      <datafield tag="300" ind1=" " ind2=" ">
         <subfield code="a">p. 782-794.</subfield>
      </datafield>
      <datafield tag="500" ind1=" " ind2=" ">
         <subfield code="a">2019-12-06</subfield>
      </datafield>
      <datafield tag="520" ind1=" " ind2=" ">
         <subfield code="a">1. Altitudinal tree line ecotones (ATE) are among the most sensitive plant
        formations facing global warming as the altitudinal decrease in temperature is considered
        the driver controlling the upper elevation limit of tree lines world‐wide. In this study, we
        attempted to answer the following questions: (i) how have the conditions during the last 2–3
        centuries affected ATE tree growth (physiology) and recruitment (demography)? and (ii) how
        strong is synchrony between these two processes at the ATEs? 2. We used spatial sampling
        grids at different ATEs in two ecosystems on two subcontinents: Nothofagus pumilio in the
        Andes of Chilean Patagonia (46° SL) and Pinus albicaulis in the Rockies of Western Montana,
        USA (46° NL). Basal increment cores were extracted from trees to estimate the growth and
        recruitment date. An annual detrended basal area increment was estimated for each tree and
        was modelled against elevation and time. 3. Tree growth improved over multiple centuries at
        all tree lines. Recently (c. 50 years), however, improvements are disappearing or reversing.
        The uppermost tree line trees showed moderate declines in Montana and incipient declines in
        Patagonia. The declines are most dramatic slightly below current tree line (c. 200 m). Tree
        recruitment patterns showed that tree lines have been moving uphill in both regions until at
        least 40–70 years ago. These movements occurred primarily through abrupt pulses upward with
        infilling occurring concurrently (Patagonia) or at some time thereafter (Montana). 4.
        Synchrony between growth and recruitment occurred in the 18th and 19th centuries in both
        regions. This synchrony was negative in Patagonia and positive in Montana, with varying lag
        periods. During the 20th century, these patterns of synchrony were lost at all sites. This
        loss of synchrony suggests that we could be entering a global period in which temperature is
        no longer the dominant driver of key features of tree lines. 5. Synthesis. Our study shows
        that at two structurally different tree lines, recent and initial declines in growth and
        losses of long‐term synchrony are occurring in the latter part of the 20th century. These
        findings are opposite to simplistic expectations of global warming effects on tree line
        dynamics and call for a model reformulation that uncouples drivers of growth and
        recruitment.</subfield>
      </datafield>
      <datafield tag="592" ind1=" " ind2=" ">
         <subfield code="a">Publisher supplied data</subfield>
      </datafield>
      <datafield tag="593" ind1=" " ind2=" ">
         <subfield code="a">PubAg article</subfield>
      </datafield>
      <datafield tag="650" ind1=" " ind2="3">
         <subfield code="a">tree growth</subfield>
      </datafield>
      <datafield tag="650" ind1=" " ind2="3">
         <subfield code="a">ecotones</subfield>
      </datafield>
      <datafield tag="650" ind1=" " ind2="3">
         <subfield code="a">Pinus albicaulis</subfield>
      </datafield>
      <datafield tag="650" ind1=" " ind2="3">
         <subfield code="a">trees</subfield>
      </datafield>
      <datafield tag="650" ind1=" " ind2="3">
         <subfield code="a">global warming</subfield>
      </datafield>
      <datafield tag="650" ind1=" " ind2="3">
         <subfield code="a">treeline</subfield>
      </datafield>
      <datafield tag="650" ind1=" " ind2="3">
         <subfield code="a">demography</subfield>
      </datafield>
      <datafield tag="650" ind1=" " ind2="3">
         <subfield code="a">ecosystems</subfield>
      </datafield>
      <datafield tag="650" ind1=" " ind2="3">
         <subfield code="a">temperature</subfield>
      </datafield>
      <datafield tag="650" ind1=" " ind2="3">
         <subfield code="a">stand basal area</subfield>
      </datafield>
      <datafield tag="650" ind1=" " ind2="3">
         <subfield code="a">Nothofagus pumilio</subfield>
      </datafield>
      <datafield tag="651" ind1=" " ind2="3">
         <subfield code="a">Andes region</subfield>
      </datafield>
      <datafield tag="651" ind1=" " ind2="3">
         <subfield code="a">Montana</subfield>
      </datafield>
      <datafield tag="651" ind1=" " ind2="3">
         <subfield code="a">Rocky Mountain region</subfield>
      </datafield>
      <datafield tag="653" ind1=" " ind2="0">
         <subfield code="a">recruitment</subfield>
      </datafield>
      <datafield tag="653" ind1=" " ind2="0">
         <subfield code="a">basal area</subfield>
      </datafield>
      <datafield tag="700" ind1="1" ind2=" ">
         <subfield code="a">McIntire, Eliot J. B.</subfield>
         <subfield code="e">author</subfield>
      </datafield>
      <datafield tag="773" ind1="0" ind2=" ">
         <subfield code="t">journal of ecology.</subfield>
         <subfield code="g">2012 May, v. 100, no. 3 p.782-794</subfield>
         <subfield code="d">Blackwell Publishing Ltd</subfield>
         <subfield code="x">0022-0477</subfield>
         <subfield code="7">nnas</subfield>
      </datafield>
      <datafield tag="787" ind1="1" ind2=" ">
         <subfield code="o">islandora_article_repository</subfield>
      </datafield>
      <datafield tag="787" ind1="1" ind2=" ">
         <subfield code="o">product_pubag</subfield>
      </datafield>
      <datafield tag="787" ind1="1" ind2=" ">
         <subfield code="o">(Journal)jnl44660</subfield>
      </datafield>
      <datafield tag="856" ind1="4" ind2="0">
         <subfield code="u">http://dx.doi.org/10.1111/j.1365-2745.2012.01955.x</subfield>
      </datafield>
      <datafield tag="912" ind1=" " ind2=" ">
         <subfield code="a">Article</subfield>
      </datafield>
      <datafield tag="914" ind1=" " ind2=" ">
         <subfield code="a">Journal:jnl44660</subfield>
         <subfield code="b">0022-0477</subfield>
         <subfield code="c">100</subfield>
         <subfield code="d">3</subfield>
         <subfield code="e">782</subfield>
      </datafield>
      <datafield tag="914" ind1=" " ind2=" ">
         <subfield code="f">journal of ecology</subfield>
      </datafield>
      <datafield tag="917" ind1=" " ind2=" ">
         <subfield code="a">issued</subfield>
      </datafield>
      <datafield tag="918" ind1="2" ind2=" ">
         <subfield code="a">John Wiley &amp; Sons, Inc</subfield>
         <subfield code="e">provider</subfield>
         <subfield code="5">DNAL</subfield>
      </datafield>
      <datafield tag="935" ind1=" " ind2=" ">
         <subfield code="a">IND44766967</subfield>
         <subfield code="9">ExL</subfield>
      </datafield>
      <datafield tag="949" ind1=" " ind2=" ">
         <subfield code="a">2014-02-03</subfield>
      </datafield>
      <datafield tag="951" ind1=" " ind2=" ">
         <subfield code="a">2012-04-18</subfield>
      </datafield>
      <datafield tag="953" ind1=" " ind2=" ">
         <subfield code="a">00220477_2012_100_3.xml</subfield>
      </datafield>
      <datafield tag="962" ind1=" " ind2=" ">
         <subfield code="a">Journal ISSN is 1365-2745</subfield>
      </datafield>
      <datafield tag="962" ind1=" " ind2=" ">
         <subfield code="a">Batch:424 annotated on 2014-01-27T12:09:54Z</subfield>
      </datafield>
      <datafield tag="962" ind1=" " ind2=" ">
         <subfield code="a">Batch:424 reviewed on 2014-01-31T16:00:02Z</subfield>
      </datafield>
      <datafield tag="962" ind1=" " ind2=" ">
         <subfield code="a">Batch:424 reviewed on 2014-02-03T11:00:03Z</subfield>
      </datafield>
      <datafield tag="974" ind1=" " ind2=" ">
         <subfield code="a">agid:587591</subfield>
      </datafield>
   </record>