
   <!--Record: 208-->
   <record>
      <leader>04450nab a2200577 u 4500</leader>
      <controlfield tag="001">9915972912807426</controlfield>
      <controlfield tag="005">20221121233217.0</controlfield>
      <controlfield tag="008">141009e201410 xx |||||o|||||||||||eng||</controlfield>
      <datafield tag="016" ind1="7" ind2=" ">
         <subfield code="a">IND600816869</subfield>
         <subfield code="2">DNAL</subfield>
      </datafield>
      <datafield tag="024" ind1="7" ind2=" ">
         <subfield code="a">10.1007/s11295-014-0747-8</subfield>
         <subfield code="2">doi</subfield>
      </datafield>
      <datafield tag="035" ind1=" " ind2=" ">
         <subfield code="a">agid:816869-01nal_inst</subfield>
      </datafield>
      <datafield tag="040" ind1=" " ind2=" ">
         <subfield code="a">AGL</subfield>
         <subfield code="b">eng</subfield>
         <subfield code="c">AGL</subfield>
      </datafield>
      <datafield tag="100" ind1="1" ind2=" ">
         <subfield code="a">Brawner, J. T.</subfield>
         <subfield code="e">author</subfield>
         <subfield code="u">Commonwealth Scientific and Industrial Research Organisation, Division of
        Plant Industry, Queensland Bioscience Precinct, 306 Carmody Road, St. Lucia, QLD, 4067,
        Australia, Jeremy.Brawner@csiro.au</subfield>
      </datafield>
      <datafield tag="245" ind1="1" ind2="0">
         <subfield code="a">Visualising the environmental preferences of Pinus tecunumanii
        populations</subfield>
      </datafield>
      <datafield tag="300" ind1=" " ind2=" ">
         <subfield code="a">p. 1123-1133.</subfield>
      </datafield>
      <datafield tag="520" ind1=" " ind2=" ">
         <subfield code="a">A network of 92 pedigreed ex situ conservation plantings of Pinus
        tecunumanii, established as replicated progeny within provenance trials, is used to present
        a principal components-based analysis that illustrates the climatic preferences of 23
        populations from the species’ native range. This meta-analysis quantifies changes in the
        relative productivity, assessed as individual-tree volume, of populations across climatic
        gradients and associates the preference of a population with increased volume production
        along the climatic gradient. Clustering and ordination on the matrix containing estimates of
        change in productivity for each population summarise differentials in productivity
        associated with climatic gradients. The preference of populations along principal components
        therefore reflects the adaptive profiles of populations, which may be used with
        breeding-value estimates from routine genetic evaluations to assist with the development of
        deployment populations targeting different environments. As well, the approach may be used
        to test whether the preference of a population, estimated as population loadings for growth
        differentials, is affected by the climate in the native range of the population. This
        relationship may be interpreted as an estimate of how much local climate shapes the adaptive
        profiles of populations. The amount and seasonality of precipitation most clearly
        differentiate the adaptive profiles of populations, with less variation in the population
        responses explained by temperature differentiation. As expected from type-B correlation
        estimates, most populations exhibited small changes in relative productivity across climatic
        gradients. However, patterns of similarities in adaptive profiles among populations were
        evident using spatial orientation to display population responses to the climatic variables
        experienced in the provenance trials. Clustering and ordination of population responses
        derived from empirical data served to identify populations that responded positively or
        negatively to climatic variables; this information may help guide conservation genetics
        efforts, direct the deployment of germplasm, or identify seed sources that are sensitive to
        changes in climatic variables. Linking response patterns to the climatic data from the
        native range of each population indicated little effect of local climate shaping adaptive
        profiles.</subfield>
      </datafield>
      <datafield tag="592" ind1=" " ind2=" ">
         <subfield code="a">Publisher supplied data</subfield>
      </datafield>
      <datafield tag="593" ind1=" " ind2=" ">
         <subfield code="a">PubAg article</subfield>
      </datafield>
      <datafield tag="650" ind1=" " ind2="3">
         <subfield code="a">Pinus tecunumanii</subfield>
      </datafield>
      <datafield tag="650" ind1=" " ind2="3">
         <subfield code="a">breeding value</subfield>
      </datafield>
      <datafield tag="650" ind1=" " ind2="3">
         <subfield code="a">climate</subfield>
      </datafield>
      <datafield tag="650" ind1=" " ind2="3">
         <subfield code="a">climate change</subfield>
      </datafield>
      <datafield tag="650" ind1=" " ind2="3">
         <subfield code="a">germplasm</subfield>
      </datafield>
      <datafield tag="650" ind1=" " ind2="3">
         <subfield code="a">meta-analysis</subfield>
      </datafield>
      <datafield tag="650" ind1=" " ind2="3">
         <subfield code="a">progeny</subfield>
      </datafield>
      <datafield tag="650" ind1=" " ind2="3">
         <subfield code="a">provenance</subfield>
      </datafield>
      <datafield tag="650" ind1=" " ind2="3">
         <subfield code="a">temperature</subfield>
      </datafield>
      <datafield tag="700" ind1="1" ind2=" ">
         <subfield code="a">Hodge, G. R.</subfield>
         <subfield code="e">author</subfield>
      </datafield>
      <datafield tag="700" ind1="1" ind2=" ">
         <subfield code="a">Meder, R.</subfield>
         <subfield code="e">author</subfield>
      </datafield>
      <datafield tag="700" ind1="1" ind2=" ">
         <subfield code="a">Dvorak, W. S.</subfield>
         <subfield code="e">author</subfield>
      </datafield>
      <datafield tag="773" ind1="0" ind2=" ">
         <subfield code="t">Tree genetics &amp; genomes.</subfield>
         <subfield code="g">2014 Oct., v. 10, no. 5 p.1123-1133</subfield>
         <subfield code="d">Springer-Verlag</subfield>
         <subfield code="x">1614-2942</subfield>
         <subfield code="7">nnas</subfield>
      </datafield>
      <datafield tag="787" ind1="1" ind2=" ">
         <subfield code="o">islandora_article_repository</subfield>
      </datafield>
      <datafield tag="787" ind1="1" ind2=" ">
         <subfield code="o">product_pubag</subfield>
      </datafield>
      <datafield tag="787" ind1="1" ind2=" ">
         <subfield code="o">(Journal)jnl3949857</subfield>
      </datafield>
      <datafield tag="856" ind1="4" ind2="0">
         <subfield code="u">http://dx.doi.org/10.1007/s11295-014-0747-8</subfield>
         <subfield code="3">Available from publisher's site</subfield>
      </datafield>
      <datafield tag="912" ind1=" " ind2=" ">
         <subfield code="a">Article</subfield>
      </datafield>
      <datafield tag="914" ind1=" " ind2=" ">
         <subfield code="a">Journal:jnl3949857</subfield>
         <subfield code="b">1614-2942</subfield>
         <subfield code="c">10</subfield>
         <subfield code="d">5</subfield>
         <subfield code="e">1123</subfield>
      </datafield>
      <datafield tag="914" ind1=" " ind2=" ">
         <subfield code="f">Tree genetics &amp; genomes</subfield>
      </datafield>
      <datafield tag="916" ind1=" " ind2=" ">
         <subfield code="a">Batch:793</subfield>
      </datafield>
      <datafield tag="917" ind1=" " ind2=" ">
         <subfield code="a">issued</subfield>
      </datafield>
      <datafield tag="918" ind1="2" ind2=" ">
         <subfield code="a">Springer</subfield>
         <subfield code="e">provider</subfield>
         <subfield code="5">DNAL</subfield>
      </datafield>
      <datafield tag="935" ind1=" " ind2=" ">
         <subfield code="a">IND600816869</subfield>
         <subfield code="9">ExL</subfield>
      </datafield>
      <datafield tag="949" ind1=" " ind2=" ">
         <subfield code="a">2015-02-25</subfield>
      </datafield>
      <datafield tag="953" ind1=" " ind2=" ">
         <subfield code="a">ftp_PUB_14-09-17_05-36-49.zip</subfield>
      </datafield>
      <datafield tag="962" ind1=" " ind2=" ">
         <subfield code="a">Batch:793 annotated on 2015-01-30T13:58:51Z</subfield>
      </datafield>
      <datafield tag="962" ind1=" " ind2=" ">
         <subfield code="a">Batch:793 reviewed on 2015-02-19T11:00:04Z</subfield>
      </datafield>
      <datafield tag="962" ind1=" " ind2=" ">
         <subfield code="a">Batch:793 reviewed on 2015-02-25T11:00:05Z</subfield>
      </datafield>
      <datafield tag="962" ind1=" " ind2=" ">
         <subfield code="a">Batch:793 reviewed on 2015-02-25T16:00:03Z</subfield>
      </datafield>
      <datafield tag="974" ind1=" " ind2=" ">
         <subfield code="a">agid:816869</subfield>
      </datafield>
      <datafield tag="983" ind1=" " ind2=" ">
         <subfield code="a">2014-10-09</subfield>
      </datafield>
      <datafield tag="984" ind1=" " ind2=" ">
         <subfield code="a">2015-02-25</subfield>
      </datafield>
   </record>