
   <!--Record: 211-->
   <record>
      <leader>04369nab a2200673 u 4500</leader>
      <controlfield tag="001">9915973099407426</controlfield>
      <controlfield tag="005">20221120031003.0</controlfield>
      <controlfield tag="008">211106e202111 xx |||||o|||||||||||eng||</controlfield>
      <datafield tag="016" ind1="7" ind2=" ">
         <subfield code="a">IND607547015</subfield>
         <subfield code="2">DNAL</subfield>
      </datafield>
      <datafield tag="024" ind1="7" ind2=" ">
         <subfield code="a">10.1016/j.gecco.2021.e01880</subfield>
         <subfield code="2">doi</subfield>
      </datafield>
      <datafield tag="035" ind1=" " ind2=" ">
         <subfield code="a">agid:7547015-01nal_inst</subfield>
      </datafield>
      <datafield tag="040" ind1=" " ind2=" ">
         <subfield code="a">AGL</subfield>
         <subfield code="b">eng</subfield>
         <subfield code="c">AGL</subfield>
      </datafield>
      <datafield tag="100" ind1="1" ind2=" ">
         <subfield code="a">Bueno, Rafael da Silveira</subfield>
         <subfield code="e">author</subfield>
         <subfield code="u">Dipartimento di Scienze Agrarie, Alimentari e Forestali, Università degli
        Studi di Palermo, Italy</subfield>
      </datafield>
      <datafield tag="245" ind1="1" ind2="0">
         <subfield code="a">Trophic and spatial complementarity on seed dispersal services by birds,
        wild mammals, and cattle in a Mediterranean woodland pasture</subfield>
      </datafield>
      <datafield tag="520" ind1=" " ind2=" ">
         <subfield code="a">Most earth surfaces have undergone intensive land-use changes, creating
        habitat mosaics. Seed dispersal by animals is a crucial process in such mosaics, but
        community-wide studies comparing the functional complementarity and response to man-imposed
        habitat heterogeneity are rare. Here, we investigate the trophic and spatial seed dispersal
        networks underpinning a strong, woody vegetation expansion over a pastureland inside the
        largest forest remnant in western Sicily, Italy. Over two fruiting seasons, we surveyed
        transects in three distinct biomes within our study area: forest, pastureland, and unpaved
        road. In total, we collected 659 feces and tested for differences in defecation patterns and
        seed rain density of birds, wild mammals, and cattle. We also tested the degree of trophic
        and spatial specialization and modularity using a network approach. Overall, birds dispersed
        1208 seeds/ha of nine plant species, including six exclusive. Mammals dispersed 679 seeds/ha
        from four wild species, three of which also dispersed by birds, and 38 seeds/ha of three
        cultivated species. In turn, mammals dispersed exclusively the seeds of wild pear (Pyrus
        amygdaliformis), the most abundant tree in the woodland pasture. Cattle only dispersed wild
        pear, but accounting for 56% of the dispersed seeds. Seed rain densities were significantly
        higher in woodland pastures than in forests. However, almost of half the seeds dispersed by
        cattle and red fox were deposited on unpaved roads. While both trophic and spatial networks
        were more specialized than expected, we did detect distinct modules. Our study demonstrated
        the magnitude of the effects of man-made habitat heterogeneity on seed dispersal services,
        giving baseline information for restoration programs as well as high nature value
        pastureland management strategies.</subfield>
      </datafield>
      <datafield tag="592" ind1=" " ind2=" ">
         <subfield code="a">Publisher supplied data</subfield>
      </datafield>
      <datafield tag="593" ind1=" " ind2=" ">
         <subfield code="a">PubAg article</subfield>
      </datafield>
      <datafield tag="650" ind1=" " ind2="3">
         <subfield code="a">Pyrus spinosa</subfield>
      </datafield>
      <datafield tag="650" ind1=" " ind2="3">
         <subfield code="a">Vulpes vulpes</subfield>
      </datafield>
      <datafield tag="650" ind1=" " ind2="3">
         <subfield code="a">cattle</subfield>
      </datafield>
      <datafield tag="650" ind1=" " ind2="3">
         <subfield code="a">defecation</subfield>
      </datafield>
      <datafield tag="650" ind1=" " ind2="3">
         <subfield code="a">feces</subfield>
      </datafield>
      <datafield tag="650" ind1=" " ind2="3">
         <subfield code="a">forests</subfield>
      </datafield>
      <datafield tag="650" ind1=" " ind2="3">
         <subfield code="a">habitats</subfield>
      </datafield>
      <datafield tag="650" ind1=" " ind2="3">
         <subfield code="a">pastures</subfield>
      </datafield>
      <datafield tag="650" ind1=" " ind2="3">
         <subfield code="a">pears</subfield>
      </datafield>
      <datafield tag="650" ind1=" " ind2="3">
         <subfield code="a">seed dispersal</subfield>
      </datafield>
      <datafield tag="650" ind1=" " ind2="3">
         <subfield code="a">trees</subfield>
      </datafield>
      <datafield tag="650" ind1=" " ind2="3">
         <subfield code="a">woodlands</subfield>
      </datafield>
      <datafield tag="651" ind1=" " ind2="3">
         <subfield code="a">Italy</subfield>
      </datafield>
      <datafield tag="651" ind1=" " ind2="3">
         <subfield code="a">Sicily</subfield>
      </datafield>
      <datafield tag="653" ind1=" " ind2="0">
         <subfield code="a">Ecological restoration</subfield>
      </datafield>
      <datafield tag="653" ind1=" " ind2="0">
         <subfield code="a">Functional complementarity</subfield>
      </datafield>
      <datafield tag="653" ind1=" " ind2="0">
         <subfield code="a">Habitat heterogeneity</subfield>
      </datafield>
      <datafield tag="653" ind1=" " ind2="0">
         <subfield code="a">Linear developments</subfield>
      </datafield>
      <datafield tag="653" ind1=" " ind2="0">
         <subfield code="a">Zoochory</subfield>
      </datafield>
      <datafield tag="700" ind1="1" ind2=" ">
         <subfield code="a">García, Daniel</subfield>
         <subfield code="e">author</subfield>
         <subfield code="u">Departamento de Biología de Organismos y Sistemas, University of Oviedo,
        Spain</subfield>
      </datafield>
      <datafield tag="700" ind1="1" ind2=" ">
         <subfield code="a">Galetti, Mauro</subfield>
         <subfield code="e">author</subfield>
         <subfield code="u">Departamento de Biodiversidade, Universidade Estadual Paulista, Rio Claro,
        Brazil</subfield>
      </datafield>
      <datafield tag="700" ind1="1" ind2=" ">
         <subfield code="a">La Mantia, Tommaso</subfield>
         <subfield code="e">author</subfield>
         <subfield code="u">Dipartimento di Scienze Agrarie, Alimentari e Forestali, Università degli
        Studi di Palermo, Italy</subfield>
      </datafield>
      <datafield tag="773" ind1="0" ind2=" ">
         <subfield code="t">Global ecology and conservation.</subfield>
         <subfield code="g">2021 Nov., v. 31 p.e01880-</subfield>
         <subfield code="d">Elsevier B.V.</subfield>
         <subfield code="w">Journal:23212</subfield>
         <subfield code="x">2351-9894</subfield>
         <subfield code="7">nnas</subfield>
      </datafield>
      <datafield tag="787" ind1="1" ind2=" ">
         <subfield code="o">islandora_article_repository</subfield>
      </datafield>
      <datafield tag="787" ind1="1" ind2=" ">
         <subfield code="o">product_pubag</subfield>
      </datafield>
      <datafield tag="787" ind1="1" ind2=" ">
         <subfield code="o">(Journal)23212</subfield>
      </datafield>
      <datafield tag="856" ind1="4" ind2="0">
         <subfield code="u">https://dx.doi.org/10.1016/j.gecco.2021.e01880</subfield>
         <subfield code="3">Available from publisher's site</subfield>
      </datafield>
      <datafield tag="912" ind1=" " ind2=" ">
         <subfield code="a">Article</subfield>
      </datafield>
      <datafield tag="914" ind1=" " ind2=" ">
         <subfield code="a">Journal:23212</subfield>
         <subfield code="b">2351-9894</subfield>
         <subfield code="c">31</subfield>
         <subfield code="e">e01880</subfield>
      </datafield>
      <datafield tag="914" ind1=" " ind2=" ">
         <subfield code="f">Global ecology and conservation</subfield>
      </datafield>
      <datafield tag="916" ind1=" " ind2=" ">
         <subfield code="a">Batch:10205</subfield>
      </datafield>
      <datafield tag="917" ind1=" " ind2=" ">
         <subfield code="a">issued</subfield>
      </datafield>
      <datafield tag="918" ind1="2" ind2=" ">
         <subfield code="a">Elsevier Consyn</subfield>
         <subfield code="e">provider</subfield>
         <subfield code="5">DNAL</subfield>
      </datafield>
      <datafield tag="935" ind1=" " ind2=" ">
         <subfield code="a">IND607547015</subfield>
         <subfield code="9">ExL</subfield>
      </datafield>
      <datafield tag="949" ind1=" " ind2=" ">
         <subfield code="a">2022-02-23</subfield>
      </datafield>
      <datafield tag="952" ind1=" " ind2=" ">
         <subfield code="d">NAL-AP-2-clean</subfield>
      </datafield>
      <datafield tag="953" ind1=" " ind2=" ">
         <subfield code="a">/data/metadata/incoming/consyn/155954355040869605-00004-HEAD-ONLY-NEW
        CONSYN ISSNS.zip</subfield>
      </datafield>
      <datafield tag="954" ind1=" " ind2=" ">
         <subfield code="a">file:/data/metadata/staging/consyn/S2351989421004303.xml</subfield>
      </datafield>
      <datafield tag="955" ind1=" " ind2=" ">
         <subfield code="a">/data/metadata/staging/consyn/</subfield>
      </datafield>
      <datafield tag="974" ind1=" " ind2=" ">
         <subfield code="a">agid:7547015</subfield>
      </datafield>
      <datafield tag="983" ind1=" " ind2=" ">
         <subfield code="a">2021-11-06</subfield>
      </datafield>
      <datafield tag="984" ind1=" " ind2=" ">
         <subfield code="a">2022-02-19</subfield>
      </datafield>
   </record>
</collection>